[
  {
    "shop": "CITRO",
    "categories": [
      1,
      1002,
      10010024
    ],
    "productName": "ŪDENS DZERAMAIS AQUA NEGĀZĒTS 5L",
    "productPriceOld": null,
    "productPrice": null,
    "productPricePerUnit": {
      "value": 0.16,
      "unit": "€/L"
    },
    "productPriceWithLoyaltyCard": null,
    "productPricePerUnitWithLoyaltyCard": null,
    "imageUrl": "https://rezekne.citro.lv/wp-content/uploads/2022/12/4751027560546-300x300.jpg",
    "available": true,
    "discount": null
  },
  {
    "shop": "CITRO",
    "categories": [
      1,
      1002,
      10010024
    ],
    "productName": "ŪDENS DZERAMAIS AQUA NEGĀZĒTS 5L",
    "productPriceOld": null,
    "productPrice": null,
    "productPricePerUnit": {
      "value": 0.16,
      "unit": "€/L"
    },
    "productPriceWithLoyaltyCard": null,
    "productPricePerUnitWithLoyaltyCard": null,
    "imageUrl": "https://rezekne.citro.lv/wp-content/uploads/2022/12/4751027560546-300x300.jpg",
    "available": true,
    "discount": null
  },
  {
    "shop": "MAXIMA",
    "categories": [
      1,
      1002,
      10010024
    ],
    "productName": "Dzeramais ūdens ASET gāzēts 1,5L D",
    "productPriceOld": null,
    "productPrice": {
      "value": 0.29,
      "unit": "€"
    },
    "productPricePerUnit": {
      "value": 0.19,
      "unit": "€/l"
    },
    "productPriceWithLoyaltyCard": null,
    "productPricePerUnitWithLoyaltyCard": null,
    "imageUrl": "https://cdn.barbora.lv/products/c9aa8ff2-a196-4fb4-b52d-90aff79c432d_s.png",
    "available": true,
    "discount": null
  },
  {
    "shop": "MAXIMA",
    "categories": [
      1,
      1002,
      10010024
    ],
    "productName": "Dzeramais ūdens ASET negāzēts 1,5L D",
    "productPriceOld": null,
    "productPrice": {
      "value": 0.29,
      "unit": "€"
    },
    "productPricePerUnit": {
      "value": 0.19,
      "unit": "€/l"
    },
    "productPriceWithLoyaltyCard": null,
    "productPricePerUnitWithLoyaltyCard": null,
    "imageUrl": "https://cdn.barbora.lv/products/394e84a5-a973-44d4-af1e-c8946a34e6f3_s.png",
    "available": true,
    "discount": null
  },
  {
    "shop": "RIMI",
    "categories": [
      1,
      1002,
      10010024
    ],
    "productName": "Avota ūdens Rimi negāzēts 5l",
    "productPriceOld": null,
    "productPrice": {
      "value": 0.99,
      "unit": "€/gab"
    },
    "productPricePerUnit": {
      "value": 0.2,
      "unit": "€/l"
    },
    "productPriceWithLoyaltyCard": null,
    "productPricePerUnitWithLoyaltyCard": null,
    "imageUrl": "https://rimibaltic-res.cloudinary.com/image/upload/d_ecommerce:backend-fallback.png/MAT_805762_PCE_LV",
    "available": true,
    "discount": null
  },
  {
    "shop": "MAXIMA",
    "categories": [
      1,
      1002,
      10010024
    ],
    "productName": "Dzeramais ūdens AQUA negāzēts 5L",
    "productPriceOld": null,
    "productPrice": {
      "value": 0.99,
      "unit": "€"
    },
    "productPricePerUnit": {
      "value": 0.2,
      "unit": "€/l"
    },
    "productPriceWithLoyaltyCard": null,
    "productPricePerUnitWithLoyaltyCard": null,
    "imageUrl": "https://cdn.barbora.lv/products/7c06e9c6-d824-48f8-85ab-96d41eae7e11_s.png",
    "available": true,
    "discount": null
  },
  {
    "shop": "RIMI",
    "categories": [
      1,
      1002,
      10010024
    ],
    "productName": "Dzeramais ūdens Zaķumuiža negāzēts 5,2l",
    "productPriceOld": null,
    "productPrice": {
      "value": 1.19,
      "unit": "€/gab"
    },
    "productPricePerUnit": {
      "value": 0.23,
      "unit": "€/l"
    },
    "productPriceWithLoyaltyCard": null,
    "productPricePerUnitWithLoyaltyCard": null,
    "imageUrl": "https://rimibaltic-res.cloudinary.com/image/upload/d_ecommerce:backend-fallback.png/MAT_115562_PCE_LV",
    "available": true,
    "discount": null
  },
  {
    "shop": "CITRO",
    "categories": [
      1,
      1002,
      10010024
    ],
    "productName": "ŪDENS DZERAMAIS ZAĶUMUIŽA 5.2L",
    "productPriceOld": null,
    "productPrice": null,
    "productPricePerUnit": {
      "value": 0.23,
      "unit": "€/L"
    },
    "productPriceWithLoyaltyCard": null,
    "productPricePerUnitWithLoyaltyCard": null,
    "imageUrl": "https://rezekne.citro.lv/wp-content/uploads/2023/10/4751000750025-300x300.jpg",
    "available": true,
    "discount": null
  },
  {
    "shop": "CITRO",
    "categories": [
      1,
      1002,
      10010024
    ],
    "productName": "ŪDENS DZERAMAIS ZAĶUMUIŽA 5.2L",
    "productPriceOld": null,
    "productPrice": null,
    "productPricePerUnit": {
      "value": 0.23,
      "unit": "€/L"
    },
    "productPriceWithLoyaltyCard": null,
    "productPricePerUnitWithLoyaltyCard": null,
    "imageUrl": "https://rezekne.citro.lv/wp-content/uploads/2023/10/4751000750025-300x300.jpg",
    "available": true,
    "discount": null
  },
  {
    "shop": "MAXIMA",
    "categories": [
      1,
      1002,
      10010024
    ],
    "productName": "Dzeramais ūdens EVEREST gāzēts 1,5L D",
    "productPriceOld": {
      "value": 0.49,
      "unit": "€"
    },
    "productPrice": {
      "value": 0.49,
      "unit": "€"
    },
    "productPricePerUnit": {
      "value": 0.33,
      "unit": "€/l"
    },
    "productPriceWithLoyaltyCard": {
      "value": 0.39,
      "unit": "€"
    },
    "productPricePerUnitWithLoyaltyCard": {
      "value": 0.26,
      "unit": "€/l"
    },
    "imageUrl": "https://cdn.barbora.lv/products/deaf98a9-3da5-477d-b4b9-74e8012fac45_s.png",
    "available": true,
    "discount": 20
  },
  {
    "shop": "MAXIMA",
    "categories": [
      1,
      1002,
      10010024
    ],
    "productName": "Dzeramais ūdens EVEREST negāzēts 1,5L D",
    "productPriceOld": {
      "value": 0.49,
      "unit": "€"
    },
    "productPrice": {
      "value": 0.49,
      "unit": "€"
    },
    "productPricePerUnit": {
      "value": 0.33,
      "unit": "€/l"
    },
    "productPriceWithLoyaltyCard": {
      "value": 0.39,
      "unit": "€"
    },
    "productPricePerUnitWithLoyaltyCard": {
      "value": 0.26,
      "unit": "€/l"
    },
    "imageUrl": "https://cdn.barbora.lv/products/3bd53bbd-1c17-4c6a-b285-4ee893129dd6_s.png",
    "available": true,
    "discount": 20
  },
  {
    "shop": "MAXIMA",
    "categories": [
      1,
      1002,
      10010024
    ],
    "productName": "Dzeramais ūdens EVEREST gāzēts 6x1,5L D",
    "productPriceOld": {
      "value": 2.94,
      "unit": "€"
    },
    "productPrice": {
      "value": 2.94,
      "unit": "€"
    },
    "productPricePerUnit": {
      "value": 0.33,
      "unit": "€/l"
    },
    "productPriceWithLoyaltyCard": {
      "value": 2.34,
      "unit": "€"
    },
    "productPricePerUnitWithLoyaltyCard": {
      "value": 0.26,
      "unit": "€/l"
    },
    "imageUrl": "https://cdn.barbora.lv/products/a74dd03a-007d-4c29-a995-4d1542da0279_s.png",
    "available": true,
    "discount": 20
  },
  {
    "shop": "MAXIMA",
    "categories": [
      1,
      1002,
      10010024
    ],
    "productName": "Dzeramais ūdens EVEREST negāz. 6x1,5L D",
    "productPriceOld": {
      "value": 2.94,
      "unit": "€"
    },
    "productPrice": {
      "value": 2.94,
      "unit": "€"
    },
    "productPricePerUnit": {
      "value": 0.33,
      "unit": "€/l"
    },
    "productPriceWithLoyaltyCard": {
      "value": 2.34,
      "unit": "€"
    },
    "productPricePerUnitWithLoyaltyCard": {
      "value": 0.26,
      "unit": "€/l"
    },
    "imageUrl": "https://cdn.barbora.lv/products/422cd846-126f-4708-9027-370a431c4d2c_s.png",
    "available": true,
    "discount": 20
  },
  {
    "shop": "RIMI",
    "categories": [
      1,
      1002,
      10010024
    ],
    "productName": "Avota ūdens Rimi gāzēts 1,5l",
    "productPriceOld": null,
    "productPrice": {
      "value": 0.44,
      "unit": "€/gab"
    },
    "productPricePerUnit": {
      "value": 0.29,
      "unit": "€/l"
    },
    "productPriceWithLoyaltyCard": null,
    "productPricePerUnitWithLoyaltyCard": null,
    "imageUrl": "https://rimibaltic-res.cloudinary.com/image/upload/d_ecommerce:backend-fallback.png/MAT_1358793_PCE_LV",
    "available": true,
    "discount": null
  },
  {
    "shop": "RIMI",
    "categories": [
      1,
      1002,
      10010024
    ],
    "productName": "Avota ūdens Rimi negāzēts 1,5l",
    "productPriceOld": null,
    "productPrice": {
      "value": 0.44,
      "unit": "€/gab"
    },
    "productPricePerUnit": {
      "value": 0.29,
      "unit": "€/l"
    },
    "productPriceWithLoyaltyCard": null,
    "productPricePerUnitWithLoyaltyCard": null,
    "imageUrl": "https://rimibaltic-res.cloudinary.com/image/upload/d_ecommerce:backend-fallback.png/MAT_1358810_PCE_LV",
    "available": true,
    "discount": null
  },
  {
    "shop": "MAXIMA",
    "categories": [
      1,
      1002,
      10010024
    ],
    "productName": "Dab. minerālūdens NORVIL gāzēts 1,5L D",
    "productPriceOld": null,
    "productPrice": {
      "value": 0.44,
      "unit": "€"
    },
    "productPricePerUnit": {
      "value": 0.29,
      "unit": "€/l"
    },
    "productPriceWithLoyaltyCard": null,
    "productPricePerUnitWithLoyaltyCard": null,
    "imageUrl": "https://cdn.barbora.lv/products/6b11d982-c26b-4e23-9614-5a4149f58716_s.png",
    "available": true,
    "discount": null
  },
  {
    "shop": "MAXIMA",
    "categories": [
      1,
      1002,
      10010024
    ],
    "productName": "Dab. minerālūdens NORVIL negāzēts 1,5L D",
    "productPriceOld": null,
    "productPrice": {
      "value": 0.44,
      "unit": "€"
    },
    "productPricePerUnit": {
      "value": 0.29,
      "unit": "€/l"
    },
    "productPriceWithLoyaltyCard": null,
    "productPricePerUnitWithLoyaltyCard": null,
    "imageUrl": "https://cdn.barbora.lv/products/1cf33de6-4da6-4132-b00f-32bf39fad734_s.png",
    "available": true,
    "discount": null
  },
  {
    "shop": "RIMI",
    "categories": [
      1,
      1002,
      10010024
    ],
    "productName": "Minerālūdens Mangaļi gāzēts 1,5l",
    "productPriceOld": null,
    "productPrice": {
      "value": 0.75,
      "unit": "€/gab"
    },
    "productPricePerUnit": {
      "value": 0.5,
      "unit": "€/l"
    },
    "productPriceWithLoyaltyCard": {
      "value": 0.49,
      "unit": "€"
    },
    "productPricePerUnitWithLoyaltyCard": {
      "value": 0.33,
      "unit": "€/l"
    },
    "imageUrl": "https://rimibaltic-res.cloudinary.com/image/upload/d_ecommerce:backend-fallback.png/MAT_186088_PCE_LV",
    "available": true,
    "discount": 35
  },
  {
    "shop": "RIMI",
    "categories": [
      1,
      1002,
      10010024
    ],
    "productName": "Minerālūdens Mangaļi negāzēts 1,5l",
    "productPriceOld": null,
    "productPrice": {
      "value": 0.75,
      "unit": "€/gab"
    },
    "productPricePerUnit": {
      "value": 0.5,
      "unit": "€/l"
    },
    "productPriceWithLoyaltyCard": {
      "value": 0.49,
      "unit": "€"
    },
    "productPricePerUnitWithLoyaltyCard": {
      "value": 0.33,
      "unit": "€/l"
    },
    "imageUrl": "https://rimibaltic-res.cloudinary.com/image/upload/d_ecommerce:backend-fallback.png/MAT_167969_PCE_LV",
    "available": true,
    "discount": 35
  },
  {
    "shop": "RIMI",
    "categories": [
      1,
      1002,
      10010024
    ],
    "productName": "Dzeramais ūdens Tērvete gāzēts 1,5l",
    "productPriceOld": null,
    "productPrice": {
      "value": 0.85,
      "unit": "€/gab"
    },
    "productPricePerUnit": {
      "value": 0.57,
      "unit": "€/l"
    },
    "productPriceWithLoyaltyCard": {
      "value": 0.49,
      "unit": "€"
    },
    "productPricePerUnitWithLoyaltyCard": {
      "value": 0.33,
      "unit": "€/l"
    },
    "imageUrl": "https://rimibaltic-res.cloudinary.com/image/upload/d_ecommerce:backend-fallback.png/MAT_1362111_PCE_LV",
    "available": true,
    "discount": 42
  },
  {
    "shop": "RIMI",
    "categories": [
      1,
      1002,
      10010024
    ],
    "productName": "Dzeramais ūdens Tērvete negāzēts 1,5l",
    "productPriceOld": null,
    "productPrice": {
      "value": 0.85,
      "unit": "€/gab"
    },
    "productPricePerUnit": {
      "value": 0.57,
      "unit": "€/l"
    },
    "productPriceWithLoyaltyCard": {
      "value": 0.49,
      "unit": "€"
    },
    "productPricePerUnitWithLoyaltyCard": {
      "value": 0.33,
      "unit": "€/l"
    },
    "imageUrl": "https://rimibaltic-res.cloudinary.com/image/upload/d_ecommerce:backend-fallback.png/MAT_1362089_PCE_LV",
    "available": true,
    "discount": 42
  },
  {
    "shop": "RIMI",
    "categories": [
      1,
      1002,
      10010024
    ],
    "productName": "Dzeramais ūdens Everest gāzēts 1,5l",
    "productPriceOld": null,
    "productPrice": {
      "value": 0.49,
      "unit": "€/gab"
    },
    "productPricePerUnit": {
      "value": 0.33,
      "unit": "€/l"
    },
    "productPriceWithLoyaltyCard": null,
    "productPricePerUnitWithLoyaltyCard": null,
    "imageUrl": "https://rimibaltic-res.cloudinary.com/image/upload/d_ecommerce:backend-fallback.png/MAT_1350530_PCE_LV",
    "available": true,
    "discount": null
  },
  {
    "shop": "RIMI",
    "categories": [
      1,
      1002,
      10010024
    ],
    "productName": "Dabīgs minerālūdens Rimi gāzēts 1,5l",
    "productPriceOld": null,
    "productPrice": {
      "value": 0.64,
      "unit": "€/gab"
    },
    "productPricePerUnit": {
      "value": 0.43,
      "unit": "€/l"
    },
    "productPriceWithLoyaltyCard": {
      "value": 0.49,
      "unit": "€"
    },
    "productPricePerUnitWithLoyaltyCard": {
      "value": 0.33,
      "unit": "€/l"
    },
    "imageUrl": "https://rimibaltic-res.cloudinary.com/image/upload/d_ecommerce:backend-fallback.png/MAT_1364649_PCE_LV",
    "available": true,
    "discount": 23
  },
  {
    "shop": "RIMI",
    "categories": [
      1,
      1002,
      10010024
    ],
    "productName": "Minerālūdens Mangaļi-1 viegli gāzēts 1,5l",
    "productPriceOld": null,
    "productPrice": {
      "value": 0.75,
      "unit": "€/gab"
    },
    "productPricePerUnit": {
      "value": 0.5,
      "unit": "€/l"
    },
    "productPriceWithLoyaltyCard": {
      "value": 0.49,
      "unit": "€"
    },
    "productPricePerUnitWithLoyaltyCard": {
      "value": 0.33,
      "unit": "€/l"
    },
    "imageUrl": "https://rimibaltic-res.cloudinary.com/image/upload/d_ecommerce:backend-fallback.png/MAT_1355002_PCE_LV",
    "available": true,
    "discount": 35
  },
  {
    "shop": "RIMI",
    "categories": [
      1,
      1002,
      10010024
    ],
    "productName": "Dzeramais ūdens Everest negāzēts 1,5l",
    "productPriceOld": null,
    "productPrice": {
      "value": 0.49,
      "unit": "€/gab"
    },
    "productPricePerUnit": {
      "value": 0.33,
      "unit": "€/l"
    },
    "productPriceWithLoyaltyCard": null,
    "productPricePerUnitWithLoyaltyCard": null,
    "imageUrl": "https://rimibaltic-res.cloudinary.com/image/upload/d_ecommerce:backend-fallback.png/MAT_1350531_PCE_LV",
    "available": true,
    "discount": null
  },
  {
    "shop": "RIMI",
    "categories": [
      1,
      1002,
      10010024
    ],
    "productName": "Dzeramais ūdens Everest viegli gāzēts 1,5l",
    "productPriceOld": null,
    "productPrice": {
      "value": 0.49,
      "unit": "€/gab"
    },
    "productPricePerUnit": {
      "value": 0.33,
      "unit": "€/l"
    },
    "productPriceWithLoyaltyCard": null,
    "productPricePerUnitWithLoyaltyCard": null,
    "imageUrl": "https://rimibaltic-res.cloudinary.com/image/upload/d_ecommerce:backend-fallback.png/MAT_158157_PCE_LV",
    "available": true,
    "discount": null
  },
  {
    "shop": "RIMI",
    "categories": [
      1,
      1002,
      10010024
    ],
    "productName": "Dabīgs minerālūdens Rimi negāzēts 1,5l",
    "productPriceOld": null,
    "productPrice": {
      "value": 0.64,
      "unit": "€/gab"
    },
    "productPricePerUnit": {
      "value": 0.43,
      "unit": "€/l"
    },
    "productPriceWithLoyaltyCard": {
      "value": 0.49,
      "unit": "€"
    },
    "productPricePerUnitWithLoyaltyCard": {
      "value": 0.33,
      "unit": "€/l"
    },
    "imageUrl": "https://rimibaltic-res.cloudinary.com/image/upload/d_ecommerce:backend-fallback.png/MAT_1364661_PCE_LV",
    "available": true,
    "discount": 23
  },
  {
    "shop": "MAXIMA",
    "categories": [
      1,
      1002,
      10010024
    ],
    "productName": "Dab.minerālūdens MANGAĻI gāzēts 1,5L D",
    "productPriceOld": {
      "value": 0.75,
      "unit": "€"
    },
    "productPrice": {
      "value": 0.75,
      "unit": "€"
    },
    "productPricePerUnit": {
      "value": 0.5,
      "unit": "€/l"
    },
    "productPriceWithLoyaltyCard": {
      "value": 0.49,
      "unit": "€"
    },
    "productPricePerUnitWithLoyaltyCard": {
      "value": 0.33,
      "unit": "€/l"
    },
    "imageUrl": "https://cdn.barbora.lv/products/86969dcf-6941-49ea-9a53-17e13cf04455_s.png",
    "available": true,
    "discount": 35
  },
  {
    "shop": "MAXIMA",
    "categories": [
      1,
      1002,
      10010024
    ],
    "productName": "Dabīgais minerālūdens MANGAĻI-1 negāzēts 1,5L D",
    "productPriceOld": {
      "value": 0.75,
      "unit": "€"
    },
    "productPrice": {
      "value": 0.75,
      "unit": "€"
    },
    "productPricePerUnit": {
      "value": 0.5,
      "unit": "€/l"
    },
    "productPriceWithLoyaltyCard": {
      "value": 0.49,
      "unit": "€"
    },
    "productPricePerUnitWithLoyaltyCard": {
      "value": 0.33,
      "unit": "€/l"
    },
    "imageUrl": "https://cdn.barbora.lv/products/b409c577-56e3-4da0-bff1-c795cf489bb9_s.png",
    "available": true,
    "discount": 35
  },
  {
    "shop": "MAXIMA",
    "categories": [
      1,
      1002,
      10010024
    ],
    "productName": "Dabīgais minerālūdens  MANGAĻI-1 negāzēts  6x1,5L D",
    "productPriceOld": {
      "value": 4.5,
      "unit": "€"
    },
    "productPrice": {
      "value": 4.5,
      "unit": "€"
    },
    "productPricePerUnit": {
      "value": 0.5,
      "unit": "€/l"
    },
    "productPriceWithLoyaltyCard": {
      "value": 2.94,
      "unit": "€"
    },
    "productPricePerUnitWithLoyaltyCard": {
      "value": 0.33,
      "unit": "€/l"
    },
    "imageUrl": "https://cdn.barbora.lv/products/f372f834-0d73-4a7f-a2ca-a3a4c23ccd29_s.png",
    "available": true,
    "discount": 35
  },
  {
    "shop": "MAXIMA",
    "categories": [
      1,
      1002,
      10010024
    ],
    "productName": "Dab.min.ūd.MANGAĻI-1 viegli gāz.1,5L D",
    "productPriceOld": {
      "value": 0.75,
      "unit": "€"
    },
    "productPrice": {
      "value": 0.75,
      "unit": "€"
    },
    "productPricePerUnit": {
      "value": 0.5,
      "unit": "€/l"
    },
    "productPriceWithLoyaltyCard": {
      "value": 0.49,
      "unit": "€"
    },
    "productPricePerUnitWithLoyaltyCard": {
      "value": 0.33,
      "unit": "€/l"
    },
    "imageUrl": "https://cdn.barbora.lv/products/0421a95d-113a-4952-bd6b-200bc9c6272e_s.png",
    "available": true,
    "discount": 35
  },
  {
    "shop": "MAXIMA",
    "categories": [
      1,
      1002,
      10010024
    ],
    "productName": "Dabīgais minerālūdens MANGAĻI gāzēts  6x1,5L D",
    "productPriceOld": {
      "value": 4.5,
      "unit": "€"
    },
    "productPrice": {
      "value": 4.5,
      "unit": "€"
    },
    "productPricePerUnit": {
      "value": 0.5,
      "unit": "€/l"
    },
    "productPriceWithLoyaltyCard": {
      "value": 2.94,
      "unit": "€"
    },
    "productPricePerUnitWithLoyaltyCard": {
      "value": 0.33,
      "unit": "€/l"
    },
    "imageUrl": "https://cdn.barbora.lv/products/ac1b15d1-109c-4ada-8a12-2534707b85dd_s.png",
    "available": true,
    "discount": 35
  },
  {
    "shop": "CITRO",
    "categories": [
      1,
      1002,
      10010024
    ],
    "productName": "MINERĀLŪDENS MANGAĻI-1 DABĪGAIS NEGĀZĒTS 1.5L",
    "productPriceOld": {
      "value": 0.75,
      "unit": "€"
    },
    "productPrice": {
      "value": 0.49,
      "unit": "€"
    },
    "productPricePerUnit": {
      "value": 0.33,
      "unit": "€/L"
    },
    "productPriceWithLoyaltyCard": null,
    "productPricePerUnitWithLoyaltyCard": null,
    "imageUrl": "https://rezekne.citro.lv/wp-content/uploads/2022/03/4750042001898-300x300.jpg",
    "available": true,
    "discount": 35
  },
  {
    "shop": "CITRO",
    "categories": [
      1,
      1002,
      10010024
    ],
    "productName": "MINERĀLŪDENS MANGAĻI GĀZĒTS 1.5L",
    "productPriceOld": {
      "value": 0.75,
      "unit": "€"
    },
    "productPrice": {
      "value": 0.49,
      "unit": "€"
    },
    "productPricePerUnit": {
      "value": 0.33,
      "unit": "€/L"
    },
    "productPriceWithLoyaltyCard": null,
    "productPricePerUnitWithLoyaltyCard": null,
    "imageUrl": "https://rezekne.citro.lv/wp-content/uploads/2022/03/4750042001881-300x300.jpg",
    "available": true,
    "discount": 35
  },
  {
    "shop": "CITRO",
    "categories": [
      1,
      1002,
      10010024
    ],
    "productName": "MINERĀLŪDENS MANGAĻI-1 DABĪGAIS VIEGLI GĀZĒTS 1.5L",
    "productPriceOld": {
      "value": 0.75,
      "unit": "€"
    },
    "productPrice": {
      "value": 0.49,
      "unit": "€"
    },
    "productPricePerUnit": {
      "value": 0.33,
      "unit": "€/L"
    },
    "productPriceWithLoyaltyCard": null,
    "productPricePerUnitWithLoyaltyCard": null,
    "imageUrl": "https://rezekne.citro.lv/wp-content/uploads/2022/04/4750042001904-300x300.jpg",
    "available": true,
    "discount": 35
  },
  {
    "shop": "MAXIMA",
    "categories": [
      1,
      1002,
      10010024
    ],
    "productName": "Dab. minerālūdens 885 negāzēts 1,5L D",
    "productPriceOld": {
      "value": 0.59,
      "unit": "€"
    },
    "productPrice": {
      "value": 0.59,
      "unit": "€"
    },
    "productPricePerUnit": {
      "value": 0.39,
      "unit": "€/l"
    },
    "productPriceWithLoyaltyCard": {
      "value": 0.55,
      "unit": "€"
    },
    "productPricePerUnitWithLoyaltyCard": {
      "value": 0.36,
      "unit": "€/l"
    },
    "imageUrl": "https://cdn.barbora.lv/products/06331732-0506-458a-8c1b-f3f2d199ce4c_s.png",
    "available": true,
    "discount": 7
  },
  {
    "shop": "MAXIMA",
    "categories": [
      1,
      1002,
      10010024
    ],
    "productName": "Dabīgais minerālūdens 885 gāzēts 1,5L D",
    "productPriceOld": {
      "value": 0.59,
      "unit": "€"
    },
    "productPrice": {
      "value": 0.59,
      "unit": "€"
    },
    "productPricePerUnit": {
      "value": 0.39,
      "unit": "€/l"
    },
    "productPriceWithLoyaltyCard": {
      "value": 0.55,
      "unit": "€"
    },
    "productPricePerUnitWithLoyaltyCard": {
      "value": 0.36,
      "unit": "€/l"
    },
    "imageUrl": "https://cdn.barbora.lv/products/277e6d2c-ca68-4ac1-903a-078f6da86bc7_s.png",
    "available": true,
    "discount": 7
  },
  {
    "shop": "RIMI",
    "categories": [
      1,
      1002,
      10010024
    ],
    "productName": "Dabīgais minerālūdens Zaķumuiža 1,5l",
    "productPriceOld": null,
    "productPrice": {
      "value": 0.79,
      "unit": "€/gab"
    },
    "productPricePerUnit": {
      "value": 0.53,
      "unit": "€/l"
    },
    "productPriceWithLoyaltyCard": {
      "value": 0.59,
      "unit": "€"
    },
    "productPricePerUnitWithLoyaltyCard": {
      "value": 0.39,
      "unit": "€/l"
    },
    "imageUrl": "https://rimibaltic-res.cloudinary.com/image/upload/d_ecommerce:backend-fallback.png/MAT_1373554_PCE_LV",
    "available": true,
    "discount": 25
  },
  {
    "shop": "RIMI",
    "categories": [
      1,
      1002,
      10010024
    ],
    "productName": "Dabīgais minerālūdens 885 gāzēts 1,5l",
    "productPriceOld": null,
    "productPrice": {
      "value": 0.79,
      "unit": "€/gab"
    },
    "productPricePerUnit": {
      "value": 0.53,
      "unit": "€/l"
    },
    "productPriceWithLoyaltyCard": {
      "value": 0.59,
      "unit": "€"
    },
    "productPricePerUnitWithLoyaltyCard": {
      "value": 0.39,
      "unit": "€/l"
    },
    "imageUrl": "https://rimibaltic-res.cloudinary.com/image/upload/d_ecommerce:backend-fallback.png/MAT_1369339_PCE_LV",
    "available": true,
    "discount": 25
  },
  {
    "shop": "RIMI",
    "categories": [
      1,
      1002,
      10010024
    ],
    "productName": "Dabīgais minerālūdens 885 negāzēts 1,5l",
    "productPriceOld": null,
    "productPrice": {
      "value": 0.79,
      "unit": "€/gab"
    },
    "productPricePerUnit": {
      "value": 0.53,
      "unit": "€/l"
    },
    "productPriceWithLoyaltyCard": {
      "value": 0.59,
      "unit": "€"
    },
    "productPricePerUnitWithLoyaltyCard": {
      "value": 0.39,
      "unit": "€/l"
    },
    "imageUrl": "https://rimibaltic-res.cloudinary.com/image/upload/d_ecommerce:backend-fallback.png/MAT_1369337_PCE_LV",
    "available": true,
    "discount": 25
  },
  {
    "shop": "RIMI",
    "categories": [
      1,
      1002,
      10010024
    ],
    "productName": "Dabīgais minerālūdens Zaķumuiža gāzēts 1,5l",
    "productPriceOld": null,
    "productPrice": {
      "value": 0.79,
      "unit": "€/gab"
    },
    "productPricePerUnit": {
      "value": 0.53,
      "unit": "€/l"
    },
    "productPriceWithLoyaltyCard": {
      "value": 0.59,
      "unit": "€"
    },
    "productPricePerUnitWithLoyaltyCard": {
      "value": 0.39,
      "unit": "€/l"
    },
    "imageUrl": "https://rimibaltic-res.cloudinary.com/image/upload/d_ecommerce:backend-fallback.png/MAT_1373571_PCE_LV",
    "available": true,
    "discount": 25
  },
  {
    "shop": "RIMI",
    "categories": [
      1,
      1002,
      10010024
    ],
    "productName": "Minerālūdens Neptunas negāzēts 1,5l",
    "productPriceOld": null,
    "productPrice": {
      "value": 0.79,
      "unit": "€/gab"
    },
    "productPricePerUnit": {
      "value": 0.53,
      "unit": "€/l"
    },
    "productPriceWithLoyaltyCard": {
      "value": 0.59,
      "unit": "€"
    },
    "productPricePerUnitWithLoyaltyCard": {
      "value": 0.39,
      "unit": "€/l"
    },
    "imageUrl": "https://rimibaltic-res.cloudinary.com/image/upload/d_ecommerce:backend-fallback.png/MAT_1359670_PCE_LV",
    "available": true,
    "discount": 25
  },
  {
    "shop": "RIMI",
    "categories": [
      1,
      1002,
      10010024
    ],
    "productName": "Mineralūdens Neptunas gāzēts 1.5l",
    "productPriceOld": null,
    "productPrice": {
      "value": 0.79,
      "unit": "€/gab"
    },
    "productPricePerUnit": {
      "value": 0.53,
      "unit": "€/l"
    },
    "productPriceWithLoyaltyCard": {
      "value": 0.59,
      "unit": "€"
    },
    "productPricePerUnitWithLoyaltyCard": {
      "value": 0.39,
      "unit": "€/l"
    },
    "imageUrl": "https://rimibaltic-res.cloudinary.com/image/upload/d_ecommerce:backend-fallback.png/MAT_1359674_PCE_LV",
    "available": true,
    "discount": 25
  },
  {
    "shop": "CITRO",
    "categories": [
      1,
      1002,
      10010024
    ],
    "productName": "MINERĀLŪDENS DABĪGAIS AKVILE NEGĀZĒTS 1.5L",
    "productPriceOld": null,
    "productPrice": null,
    "productPricePerUnit": {
      "value": 0.39,
      "unit": "€/L"
    },
    "productPriceWithLoyaltyCard": null,
    "productPricePerUnitWithLoyaltyCard": null,
    "imageUrl": "https://rezekne.citro.lv/wp-content/uploads/2022/06/4770405227024-300x300.jpg",
    "available": true,
    "discount": null
  },
  {
    "shop": "CITRO",
    "categories": [
      1,
      1002,
      10010024
    ],
    "productName": "MINERĀLŪDENS DABĪGAIS AKVILE VIEGLI GĀZĒTS 1.5L",
    "productPriceOld": null,
    "productPrice": null,
    "productPricePerUnit": {
      "value": 0.39,
      "unit": "€/L"
    },
    "productPriceWithLoyaltyCard": null,
    "productPricePerUnitWithLoyaltyCard": null,
    "imageUrl": "https://rezekne.citro.lv/wp-content/uploads/2022/06/4770405227017-1-300x300.jpg",
    "available": true,
    "discount": null
  },
  {
    "shop": "CITRO",
    "categories": [
      1,
      1002,
      10010024
    ],
    "productName": "ŪDENS VICHY GĀZĒTS 1.5L PET",
    "productPriceOld": null,
    "productPrice": null,
    "productPricePerUnit": {
      "value": 0.39,
      "unit": "€/L"
    },
    "productPriceWithLoyaltyCard": null,
    "productPricePerUnitWithLoyaltyCard": null,
    "imageUrl": "https://rezekne.citro.lv/wp-content/uploads/2021/08/4740019112849-300x300.jpg",
    "available": true,
    "discount": null
  },
  {
    "shop": "CITRO",
    "categories": [
      1,
      1002,
      10010024
    ],
    "productName": "ŪDENS DZERAMAIS VICHY NEGĀZĒTS 1.5L",
    "productPriceOld": null,
    "productPrice": null,
    "productPricePerUnit": {
      "value": 0.39,
      "unit": "€/L"
    },
    "productPriceWithLoyaltyCard": null,
    "productPricePerUnitWithLoyaltyCard": null,
    "imageUrl": "https://rezekne.citro.lv/wp-content/uploads/2022/03/4770349231569-300x300.jpg",
    "available": true,
    "discount": null
  },
  {
    "shop": "RIMI",
    "categories": [
      1,
      1002,
      10010024
    ],
    "productName": "Dabīgs minerālūdens Akvile negāzēts 2L",
    "productPriceOld": null,
    "productPrice": {
      "value": 0.84,
      "unit": "€/gab"
    },
    "productPricePerUnit": {
      "value": 0.42,
      "unit": "€/l"
    },
    "productPriceWithLoyaltyCard": null,
    "productPricePerUnitWithLoyaltyCard": null,
    "imageUrl": "https://rimibaltic-res.cloudinary.com/image/upload/d_ecommerce:backend-fallback.png/MAT_1359662_PCE_LV",
    "available": true,
    "discount": null
  },
  {
    "shop": "RIMI",
    "categories": [
      1,
      1002,
      10010024
    ],
    "productName": "Minerālūdens Akvile 1,5l negāzēts",
    "productPriceOld": null,
    "productPrice": {
      "value": 0.64,
      "unit": "€/gab"
    },
    "productPricePerUnit": {
      "value": 0.43,
      "unit": "€/l"
    },
    "productPriceWithLoyaltyCard": null,
    "productPricePerUnitWithLoyaltyCard": null,
    "imageUrl": "https://rimibaltic-res.cloudinary.com/image/upload/d_ecommerce:backend-fallback.png/MAT_1359667_PCE_LV",
    "available": true,
    "discount": null
  },
  {
    "shop": "RIMI",
    "categories": [
      1,
      1002,
      10010024
    ],
    "productName": "Dabīgs minerālūdens Akvile viegli gāzēts 1,5l",
    "productPriceOld": null,
    "productPrice": {
      "value": 0.64,
      "unit": "€/gab"
    },
    "productPricePerUnit": {
      "value": 0.43,
      "unit": "€/l"
    },
    "productPriceWithLoyaltyCard": null,
    "productPricePerUnitWithLoyaltyCard": null,
    "imageUrl": "https://rimibaltic-res.cloudinary.com/image/upload/d_ecommerce:backend-fallback.png/MAT_1359699_PCE_LV",
    "available": true,
    "discount": null
  },
  {
    "shop": "MAXIMA",
    "categories": [
      1,
      1002,
      10010024
    ],
    "productName": "Dabīgais minerālūdens AKVILE negāzēts 1,5L D",
    "productPriceOld": null,
    "productPrice": {
      "value": 0.64,
      "unit": "€"
    },
    "productPricePerUnit": {
      "value": 0.43,
      "unit": "€/l"
    },
    "productPriceWithLoyaltyCard": null,
    "productPricePerUnitWithLoyaltyCard": null,
    "imageUrl": "https://cdn.barbora.lv/products/0cb291b7-a3ed-4f4e-9aaf-ae155730678e_s.png",
    "available": true,
    "discount": null
  },
  {
    "shop": "MAXIMA",
    "categories": [
      1,
      1002,
      10010024
    ],
    "productName": "Dab.minerālūd. AKVILE viegli gāz. 1,5L D",
    "productPriceOld": null,
    "productPrice": {
      "value": 0.64,
      "unit": "€"
    },
    "productPricePerUnit": {
      "value": 0.43,
      "unit": "€/l"
    },
    "productPriceWithLoyaltyCard": null,
    "productPricePerUnitWithLoyaltyCard": null,
    "imageUrl": "https://cdn.barbora.lv/products/2b93e705-ec8f-4e14-b873-9fc8b4492b9c_s.png",
    "available": true,
    "discount": null
  },
  {
    "shop": "MAXIMA",
    "categories": [
      1,
      1002,
      10010024
    ],
    "productName": "Dab. min. ūdens AKVILE negāzēts 6x1,5L D",
    "productPriceOld": null,
    "productPrice": {
      "value": 3.84,
      "unit": "€"
    },
    "productPricePerUnit": {
      "value": 0.43,
      "unit": "€/l"
    },
    "productPriceWithLoyaltyCard": null,
    "productPricePerUnitWithLoyaltyCard": null,
    "imageUrl": "https://cdn.barbora.lv/products/0dc8a71f-d4b0-4e3e-9d61-2921c8db3e76_s.png",
    "available": true,
    "discount": null
  },
  {
    "shop": "CITRO",
    "categories": [
      1,
      1002,
      10010024
    ],
    "productName": "ŪDENS DZERAMAIS EVEREST GĀZĒTS 1.5L",
    "productPriceOld": null,
    "productPrice": null,
    "productPricePerUnit": {
      "value": 0.43,
      "unit": "€/L"
    },
    "productPriceWithLoyaltyCard": null,
    "productPricePerUnitWithLoyaltyCard": null,
    "imageUrl": "https://rezekne.citro.lv/wp-content/uploads/2022/03/4750142005895-300x300.jpg",
    "available": true,
    "discount": null
  },
  {
    "shop": "CITRO",
    "categories": [
      1,
      1002,
      10010024
    ],
    "productName": "MINERĀLŪDENS DABĪGAIS VENDEN GĀZĒTS 1.5L",
    "productPriceOld": {
      "value": 0.75,
      "unit": "€"
    },
    "productPrice": {
      "value": 0.65,
      "unit": "€"
    },
    "productPricePerUnit": {
      "value": 0.43,
      "unit": "€/L"
    },
    "productPriceWithLoyaltyCard": null,
    "productPricePerUnitWithLoyaltyCard": null,
    "imageUrl": "https://rezekne.citro.lv/wp-content/uploads/2022/02/4751014940955-300x300.jpg",
    "available": true,
    "discount": 13
  },
  {
    "shop": "CITRO",
    "categories": [
      1,
      1002,
      10010024
    ],
    "productName": "ŪDENS DZERAMAIS EVEREST NEGĀZĒTS 1.5L",
    "productPriceOld": null,
    "productPrice": null,
    "productPricePerUnit": {
      "value": 0.43,
      "unit": "€/L"
    },
    "productPriceWithLoyaltyCard": null,
    "productPricePerUnitWithLoyaltyCard": null,
    "imageUrl": "https://rezekne.citro.lv/wp-content/uploads/2022/02/4750142005901-300x300.jpg",
    "available": true,
    "discount": null
  },
  {
    "shop": "MAXIMA",
    "categories": [
      1,
      1002,
      10010024
    ],
    "productName": "Dab. minerālūdens NORVIL gāzēts 500ml D",
    "productPriceOld": null,
    "productPrice": {
      "value": 0.23,
      "unit": "€"
    },
    "productPricePerUnit": {
      "value": 0.46,
      "unit": "€/l"
    },
    "productPriceWithLoyaltyCard": null,
    "productPricePerUnitWithLoyaltyCard": null,
    "imageUrl": "https://cdn.barbora.lv/products/045bf97d-4316-4177-846d-45effca82531_s.png",
    "available": true,
    "discount": null
  },
  {
    "shop": "CITRO",
    "categories": [
      1,
      1002,
      10010024
    ],
    "productName": "ŪDENS DZERAMAIS ZAĶUMUIŽA GĀZĒTS 1.5L",
    "productPriceOld": null,
    "productPrice": null,
    "productPricePerUnit": {
      "value": 0.46,
      "unit": "€/L"
    },
    "productPriceWithLoyaltyCard": null,
    "productPricePerUnitWithLoyaltyCard": null,
    "imageUrl": "https://rezekne.citro.lv/wp-content/uploads/2024/08/4751000750148-300x300.jpg",
    "available": true,
    "discount": null
  },
  {
    "shop": "CITRO",
    "categories": [
      1,
      1002,
      10010024
    ],
    "productName": "ŪDENS DZERAMAIS ZAĶUMUIŽA NEGĀZĒTS 1.5L",
    "productPriceOld": null,
    "productPrice": null,
    "productPricePerUnit": {
      "value": 0.46,
      "unit": "€/L"
    },
    "productPriceWithLoyaltyCard": null,
    "productPricePerUnitWithLoyaltyCard": null,
    "imageUrl": "https://rezekne.citro.lv/wp-content/uploads/2024/08/4751000750155-300x300.jpg",
    "available": true,
    "discount": null
  },
  {
    "shop": "RIMI",
    "categories": [
      1,
      1002,
      10010024
    ],
    "productName": "Dzeramais ūdens Ķekavas negāzēts 2l",
    "productPriceOld": null,
    "productPrice": {
      "value": 0.95,
      "unit": "€/gab"
    },
    "productPricePerUnit": {
      "value": 0.48,
      "unit": "€/l"
    },
    "productPriceWithLoyaltyCard": null,
    "productPricePerUnitWithLoyaltyCard": null,
    "imageUrl": "https://rimibaltic-res.cloudinary.com/image/upload/d_ecommerce:backend-fallback.png/MAT_114698_PCE_LV",
    "available": true,
    "discount": null
  },
  {
    "shop": "RIMI",
    "categories": [
      1,
      1002,
      10010024
    ],
    "productName": "Dzeramais ūdens Ķekavas gāzēts 2l",
    "productPriceOld": null,
    "productPrice": {
      "value": 0.95,
      "unit": "€/gab"
    },
    "productPricePerUnit": {
      "value": 0.48,
      "unit": "€/l"
    },
    "productPriceWithLoyaltyCard": null,
    "productPricePerUnitWithLoyaltyCard": null,
    "imageUrl": "https://rimibaltic-res.cloudinary.com/image/upload/d_ecommerce:backend-fallback.png/MAT_114697_PCE_LV",
    "available": true,
    "discount": null
  },
  {
    "shop": "MAXIMA",
    "categories": [
      1,
      1002,
      10010024
    ],
    "productName": "Dz.ūdens EVEREST Up gāz. ar m.sāļ.1,5L D",
    "productPriceOld": {
      "value": 0.99,
      "unit": "€"
    },
    "productPrice": {
      "value": 0.99,
      "unit": "€"
    },
    "productPricePerUnit": {
      "value": 0.66,
      "unit": "€/l"
    },
    "productPriceWithLoyaltyCard": {
      "value": 0.74,
      "unit": "€"
    },
    "productPricePerUnitWithLoyaltyCard": {
      "value": 0.49,
      "unit": "€/l"
    },
    "imageUrl": "https://cdn.barbora.lv/products/fa862df9-4499-4e9b-b321-efce9c60d7ae_s.png",
    "available": true,
    "discount": 25
  },
  {
    "shop": "RIMI",
    "categories": [
      1,
      1002,
      10010024
    ],
    "productName": "Avota ūdens Rimi Sport negāzēts 0,75l",
    "productPriceOld": null,
    "productPrice": {
      "value": 0.46,
      "unit": "€/gab"
    },
    "productPricePerUnit": {
      "value": 0.61,
      "unit": "€/l"
    },
    "productPriceWithLoyaltyCard": {
      "value": 0.39,
      "unit": "€"
    },
    "productPricePerUnitWithLoyaltyCard": {
      "value": 0.52,
      "unit": "€/l"
    },
    "imageUrl": "https://rimibaltic-res.cloudinary.com/image/upload/d_ecommerce:backend-fallback.png/MAT_1358780_PCE_LV",
    "available": true,
    "discount": 15
  },
  {
    "shop": "MAXIMA",
    "categories": [
      1,
      1002,
      10010024
    ],
    "productName": "Dzeram. ūdens ZAĶUMUIŽA negāzēts 1,5L D",
    "productPriceOld": null,
    "productPrice": {
      "value": 0.78,
      "unit": "€"
    },
    "productPricePerUnit": {
      "value": 0.52,
      "unit": "€/l"
    },
    "productPriceWithLoyaltyCard": null,
    "productPricePerUnitWithLoyaltyCard": null,
    "imageUrl": "https://cdn.barbora.lv/products/806dea84-25ba-48b3-91e5-14a9ba7d4f4b_s.png",
    "available": true,
    "discount": null
  },
  {
    "shop": "MAXIMA",
    "categories": [
      1,
      1002,
      10010024
    ],
    "productName": "Dab.minerālūd.ZAĶUMUIŽA gāzēts 1,5L D",
    "productPriceOld": null,
    "productPrice": {
      "value": 0.78,
      "unit": "€"
    },
    "productPricePerUnit": {
      "value": 0.52,
      "unit": "€/l"
    },
    "productPriceWithLoyaltyCard": null,
    "productPricePerUnitWithLoyaltyCard": null,
    "imageUrl": "https://cdn.barbora.lv/products/f1d39c1b-7af9-46b5-aeff-37b581c7f081_s.png",
    "available": true,
    "discount": null
  },
  {
    "shop": "RIMI",
    "categories": [
      1,
      1002,
      10010024
    ],
    "productName": "Minerālūdens Venden negāzēts 1,5l",
    "productPriceOld": null,
    "productPrice": {
      "value": 0.79,
      "unit": "€/gab"
    },
    "productPricePerUnit": {
      "value": 0.53,
      "unit": "€/l"
    },
    "productPriceWithLoyaltyCard": null,
    "productPricePerUnitWithLoyaltyCard": null,
    "imageUrl": "https://rimibaltic-res.cloudinary.com/image/upload/d_ecommerce:backend-fallback.png/MAT_1354906_PCE_LV",
    "available": true,
    "discount": null
  },
  {
    "shop": "RIMI",
    "categories": [
      1,
      1002,
      10010024
    ],
    "productName": "Minerālūdens Venden gāzēts 1,5l",
    "productPriceOld": null,
    "productPrice": {
      "value": 0.79,
      "unit": "€/gab"
    },
    "productPricePerUnit": {
      "value": 0.53,
      "unit": "€/l"
    },
    "productPriceWithLoyaltyCard": null,
    "productPricePerUnitWithLoyaltyCard": null,
    "imageUrl": "https://rimibaltic-res.cloudinary.com/image/upload/d_ecommerce:backend-fallback.png/MAT_1354905_PCE_LV",
    "available": true,
    "discount": null
  },
  {
    "shop": "RIMI",
    "categories": [
      1,
      1002,
      10010024
    ],
    "productName": "Dabīgais minerālūd. Venden viegli gāzēts 1,5l",
    "productPriceOld": null,
    "productPrice": {
      "value": 0.79,
      "unit": "€/gab"
    },
    "productPricePerUnit": {
      "value": 0.53,
      "unit": "€/l"
    },
    "productPriceWithLoyaltyCard": null,
    "productPricePerUnitWithLoyaltyCard": null,
    "imageUrl": "https://rimibaltic-res.cloudinary.com/image/upload/d_ecommerce:backend-fallback.png/MAT_1367409_PCE_LV",
    "available": true,
    "discount": null
  },
  {
    "shop": "MAXIMA",
    "categories": [
      1,
      1002,
      10010024
    ],
    "productName": "Dab. minerālūdens VENDEN gāzēts 1,5L D",
    "productPriceOld": null,
    "productPrice": {
      "value": 0.79,
      "unit": "€"
    },
    "productPricePerUnit": {
      "value": 0.53,
      "unit": "€/l"
    },
    "productPriceWithLoyaltyCard": null,
    "productPricePerUnitWithLoyaltyCard": null,
    "imageUrl": "https://cdn.barbora.lv/products/ed877b2e-5ccf-4d6d-8073-18a72c8647dc_s.png",
    "available": true,
    "discount": null
  },
  {
    "shop": "MAXIMA",
    "categories": [
      1,
      1002,
      10010024
    ],
    "productName": "Dab. minerālūdens VENDEN negāzēts 1,5L D",
    "productPriceOld": null,
    "productPrice": {
      "value": 0.79,
      "unit": "€"
    },
    "productPricePerUnit": {
      "value": 0.53,
      "unit": "€/l"
    },
    "productPriceWithLoyaltyCard": null,
    "productPricePerUnitWithLoyaltyCard": null,
    "imageUrl": "https://cdn.barbora.lv/products/332e5095-950b-4a48-9d83-ac0cd6ba9add_s.png",
    "available": true,
    "discount": null
  },
  {
    "shop": "MAXIMA",
    "categories": [
      1,
      1002,
      10010024
    ],
    "productName": "Dab. minerālūdens NEPTUNAS negāz. 1,5L D",
    "productPriceOld": null,
    "productPrice": {
      "value": 0.79,
      "unit": "€"
    },
    "productPricePerUnit": {
      "value": 0.53,
      "unit": "€/l"
    },
    "productPriceWithLoyaltyCard": null,
    "productPricePerUnitWithLoyaltyCard": null,
    "imageUrl": "https://cdn.barbora.lv/products/1228b41d-5038-4067-81f3-46cdf6726ee6_s.png",
    "available": true,
    "discount": null
  },
  {
    "shop": "MAXIMA",
    "categories": [
      1,
      1002,
      10010024
    ],
    "productName": "Dab.minerālūdens VENDEN v.gāzēts 1,5L D",
    "productPriceOld": null,
    "productPrice": {
      "value": 0.79,
      "unit": "€"
    },
    "productPricePerUnit": {
      "value": 0.53,
      "unit": "€/l"
    },
    "productPriceWithLoyaltyCard": null,
    "productPricePerUnitWithLoyaltyCard": null,
    "imageUrl": "https://cdn.barbora.lv/products/31fd29e4-db3b-4c12-bb81-7efb387216a7_s.png",
    "available": true,
    "discount": null
  },
  {
    "shop": "MAXIMA",
    "categories": [
      1,
      1002,
      10010024
    ],
    "productName": "Dab. minerālūdens NEPTUNAS gāzēts 1,5L D",
    "productPriceOld": null,
    "productPrice": {
      "value": 0.79,
      "unit": "€"
    },
    "productPricePerUnit": {
      "value": 0.53,
      "unit": "€/l"
    },
    "productPriceWithLoyaltyCard": null,
    "productPricePerUnitWithLoyaltyCard": null,
    "imageUrl": "https://cdn.barbora.lv/products/6a23f709-4705-479d-b09c-11f150badad2_s.png",
    "available": true,
    "discount": null
  },
  {
    "shop": "MAXIMA",
    "categories": [
      1,
      1002,
      10010024
    ],
    "productName": "Dab. min. ūdens VENDEN negāzēts 6x1,5L D",
    "productPriceOld": null,
    "productPrice": {
      "value": 4.74,
      "unit": "€"
    },
    "productPricePerUnit": {
      "value": 0.53,
      "unit": "€/l"
    },
    "productPriceWithLoyaltyCard": null,
    "productPricePerUnitWithLoyaltyCard": null,
    "imageUrl": "https://cdn.barbora.lv/products/bb66a427-e161-47ff-9bb4-1b09ad5210d6_s.png",
    "available": true,
    "discount": null
  },
  {
    "shop": "MAXIMA",
    "categories": [
      1,
      1002,
      10010026
    ],
    "productName": "Ledus tēja MIO&RIO persiku 1,5L D",
    "productPriceOld": null,
    "productPrice": {
      "value": 0.79,
      "unit": "€"
    },
    "productPricePerUnit": {
      "value": 0.53,
      "unit": "€/l"
    },
    "productPriceWithLoyaltyCard": null,
    "productPricePerUnitWithLoyaltyCard": null,
    "imageUrl": "https://cdn.barbora.lv/products/c8b25af3-fdac-40c0-a18a-fd54c7e531bd_s.png",
    "available": true,
    "discount": null
  },
  {
    "shop": "MAXIMA",
    "categories": [
      1,
      1002,
      10010026
    ],
    "productName": "Ledus tēja MIO&RIO citronu 1,5L D",
    "productPriceOld": null,
    "productPrice": {
      "value": 0.79,
      "unit": "€"
    },
    "productPricePerUnit": {
      "value": 0.53,
      "unit": "€/l"
    },
    "productPriceWithLoyaltyCard": null,
    "productPricePerUnitWithLoyaltyCard": null,
    "imageUrl": "https://cdn.barbora.lv/products/b3033062-10ea-4061-b43c-5d6bebed611d_s.png",
    "available": true,
    "discount": null
  },
  {
    "shop": "MAXIMA",
    "categories": [
      1,
      1002,
      10010026
    ],
    "productName": "Ledus tēja MIO&RIO Zaļā ar citronu1,5L D",
    "productPriceOld": null,
    "productPrice": {
      "value": 0.79,
      "unit": "€"
    },
    "productPricePerUnit": {
      "value": 0.53,
      "unit": "€/l"
    },
    "productPriceWithLoyaltyCard": null,
    "productPricePerUnitWithLoyaltyCard": null,
    "imageUrl": "https://cdn.barbora.lv/products/024eca01-0a36-4cab-bead-50597edbc4b0_s.png",
    "available": true,
    "discount": null
  },
  {
    "shop": "CITRO",
    "categories": [
      1,
      1002,
      10010024
    ],
    "productName": "MINERĀLŪDENS NEGĀZĒTS NEPTUNAS 1.5L",
    "productPriceOld": null,
    "productPrice": null,
    "productPricePerUnit": {
      "value": 0.53,
      "unit": "€/L"
    },
    "productPriceWithLoyaltyCard": null,
    "productPricePerUnitWithLoyaltyCard": null,
    "imageUrl": "https://rezekne.citro.lv/wp-content/uploads/2022/03/5000112651454-300x300.jpg",
    "available": true,
    "discount": null
  },
  {
    "shop": "CITRO",
    "categories": [
      1,
      1002,
      10010024
    ],
    "productName": "ŪDENS TĒRVETES NEGĀZĒTS 1.5L PET",
    "productPriceOld": null,
    "productPrice": null,
    "productPricePerUnit": {
      "value": 0.53,
      "unit": "€/L"
    },
    "productPriceWithLoyaltyCard": null,
    "productPricePerUnitWithLoyaltyCard": null,
    "imageUrl": "https://rezekne.citro.lv/wp-content/uploads/2024/10/4750440000875-300x300.jpg",
    "available": true,
    "discount": null
  },
  {
    "shop": "CITRO",
    "categories": [
      1,
      1002,
      10010024
    ],
    "productName": "MINERĀLŪDENS GĀZĒTS NEPTUNAS 1.5L",
    "productPriceOld": null,
    "productPrice": null,
    "productPricePerUnit": {
      "value": 0.53,
      "unit": "€/L"
    },
    "productPriceWithLoyaltyCard": null,
    "productPricePerUnitWithLoyaltyCard": null,
    "imageUrl": "https://rezekne.citro.lv/wp-content/uploads/2022/03/5000112658354-300x300.jpg",
    "available": true,
    "discount": null
  },
  {
    "shop": "CITRO",
    "categories": [
      1,
      1002,
      10010024
    ],
    "productName": "MINERĀLŪDENS TĒRVETES GĀZĒTS 1.5L PET",
    "productPriceOld": null,
    "productPrice": null,
    "productPricePerUnit": {
      "value": 0.53,
      "unit": "€/L"
    },
    "productPriceWithLoyaltyCard": null,
    "productPricePerUnitWithLoyaltyCard": null,
    "imageUrl": "https://rezekne.citro.lv/wp-content/uploads/2024/10/4750440000868-300x300.jpg",
    "available": true,
    "discount": null
  },
  {
    "shop": "RIMI",
    "categories": [
      1,
      1002,
      10010024
    ],
    "productName": "Dabīgais minerālūdens Zaķumuiža negāz. 1,25l",
    "productPriceOld": null,
    "productPrice": {
      "value": 1.05,
      "unit": "€/gab"
    },
    "productPricePerUnit": {
      "value": 0.84,
      "unit": "€/l"
    },
    "productPriceWithLoyaltyCard": {
      "value": 0.69,
      "unit": "€"
    },
    "productPricePerUnitWithLoyaltyCard": {
      "value": 0.55,
      "unit": "€/l"
    },
    "imageUrl": "https://rimibaltic-res.cloudinary.com/image/upload/d_ecommerce:backend-fallback.png/MAT_1364670_PCE_LV",
    "available": true,
    "discount": 34
  },
  {
    "shop": "RIMI",
    "categories": [
      1,
      1002,
      10010026
    ],
    "productName": "Melnā ledus tēja persiku Rimi 1,5l",
    "productPriceOld": null,
    "productPrice": {
      "value": 0.85,
      "unit": "€/gab"
    },
    "productPricePerUnit": {
      "value": 0.57,
      "unit": "€/l"
    },
    "productPriceWithLoyaltyCard": null,
    "productPricePerUnitWithLoyaltyCard": null,
    "imageUrl": "https://rimibaltic-res.cloudinary.com/image/upload/d_ecommerce:backend-fallback.png/MAT_1361324_PCE_LV",
    "available": true,
    "discount": null
  },
  {
    "shop": "RIMI",
    "categories": [
      1,
      1002,
      10010026
    ],
    "productName": "Zaļā ledus tēja citrusaugļu Rimi 1,5l",
    "productPriceOld": null,
    "productPrice": {
      "value": 0.85,
      "unit": "€/gab"
    },
    "productPricePerUnit": {
      "value": 0.57,
      "unit": "€/l"
    },
    "productPriceWithLoyaltyCard": null,
    "productPricePerUnitWithLoyaltyCard": null,
    "imageUrl": "https://rimibaltic-res.cloudinary.com/image/upload/d_ecommerce:backend-fallback.png/MAT_1361323_PCE_LV",
    "available": true,
    "discount": null
  },
  {
    "shop": "RIMI",
    "categories": [
      1,
      1002,
      10010024
    ],
    "productName": "Minerālūdens Vytautas dabīgs, gāzēts 1,5l",
    "productPriceOld": null,
    "productPrice": {
      "value": 0.85,
      "unit": "€/gab"
    },
    "productPricePerUnit": {
      "value": 0.57,
      "unit": "€/l"
    },
    "productPriceWithLoyaltyCard": null,
    "productPricePerUnitWithLoyaltyCard": null,
    "imageUrl": "https://rimibaltic-res.cloudinary.com/image/upload/d_ecommerce:backend-fallback.png/MAT_1355116_PCE_LV",
    "available": true,
    "discount": null
  },
  {
    "shop": "MAXIMA",
    "categories": [
      1,
      1002,
      10010024
    ],
    "productName": "Dab.minerālūdens TĒRVETE negāzēts 1,5L D",
    "productPriceOld": null,
    "productPrice": {
      "value": 0.85,
      "unit": "€"
    },
    "productPricePerUnit": {
      "value": 0.57,
      "unit": "€/l"
    },
    "productPriceWithLoyaltyCard": null,
    "productPricePerUnitWithLoyaltyCard": null,
    "imageUrl": "https://cdn.barbora.lv/products/f13f8bcc-2056-48f6-9494-01e7720910d4_s.png",
    "available": true,
    "discount": null
  },
  {
    "shop": "MAXIMA",
    "categories": [
      1,
      1002,
      10010024
    ],
    "productName": "Dab. minerālūdens TĒRVETE gāzēts 1,5L D",
    "productPriceOld": null,
    "productPrice": {
      "value": 0.85,
      "unit": "€"
    },
    "productPricePerUnit": {
      "value": 0.57,
      "unit": "€/l"
    },
    "productPriceWithLoyaltyCard": null,
    "productPricePerUnitWithLoyaltyCard": null,
    "imageUrl": "https://cdn.barbora.lv/products/45fa52fa-2aad-479a-8d4e-09fe2c65ce31_s.png",
    "available": true,
    "discount": null
  },
  {
    "shop": "CITRO",
    "categories": [
      1,
      1002,
      10010024
    ],
    "productName": "ŪDENS MANGAĻI PLUS GĀZĒTS AR PIEVIENOTIEM MINERĀLSĀĻIEM 1.5L PET",
    "productPriceOld": {
      "value": 1.19,
      "unit": "€"
    },
    "productPrice": {
      "value": 0.85,
      "unit": "€"
    },
    "productPricePerUnit": {
      "value": 0.57,
      "unit": "€/L"
    },
    "productPriceWithLoyaltyCard": null,
    "productPricePerUnitWithLoyaltyCard": null,
    "imageUrl": "https://rezekne.citro.lv/wp-content/uploads/2022/06/4750042002383-300x300.jpg",
    "available": true,
    "discount": 29
  },
  {
    "shop": "RIMI",
    "categories": [
      1,
      1002,
      10010024
    ],
    "productName": "Avota ūdens Rimi Kids negāzēts 0,5l",
    "productPriceOld": null,
    "productPrice": {
      "value": 0.29,
      "unit": "€/gab"
    },
    "productPricePerUnit": {
      "value": 0.58,
      "unit": "€/l"
    },
    "productPriceWithLoyaltyCard": null,
    "productPricePerUnitWithLoyaltyCard": null,
    "imageUrl": "https://rimibaltic-res.cloudinary.com/image/upload/d_ecommerce:backend-fallback.png/MAT_1358802_PCE_LV",
    "available": true,
    "discount": null
  },
  {
    "shop": "RIMI",
    "categories": [
      1,
      1002,
      10010024
    ],
    "productName": "Avota ūdens Rimi negāzēts 0,5l",
    "productPriceOld": null,
    "productPrice": {
      "value": 0.29,
      "unit": "€/gab"
    },
    "productPricePerUnit": {
      "value": 0.58,
      "unit": "€/l"
    },
    "productPriceWithLoyaltyCard": null,
    "productPricePerUnitWithLoyaltyCard": null,
    "imageUrl": "https://rimibaltic-res.cloudinary.com/image/upload/d_ecommerce:backend-fallback.png/MAT_1358820_PCE_LV",
    "available": true,
    "discount": null
  },
  {
    "shop": "RIMI",
    "categories": [
      1,
      1002,
      10010024
    ],
    "productName": "Avota ūdens Rimi gāzēts 0,5l",
    "productPriceOld": null,
    "productPrice": {
      "value": 0.29,
      "unit": "€/gab"
    },
    "productPricePerUnit": {
      "value": 0.58,
      "unit": "€/l"
    },
    "productPriceWithLoyaltyCard": null,
    "productPricePerUnitWithLoyaltyCard": null,
    "imageUrl": "https://rimibaltic-res.cloudinary.com/image/upload/d_ecommerce:backend-fallback.png/MAT_1358811_PCE_LV",
    "available": true,
    "discount": null
  },
  {
    "shop": "RIMI",
    "categories": [
      1,
      1002,
      10010021
    ],
    "productName": "Gāz. dzēriens Cola Zero Rimi ar saldināt. 2l",
    "productPriceOld": null,
    "productPrice": {
      "value": 1.15,
      "unit": "€/gab"
    },
    "productPricePerUnit": {
      "value": 0.58,
      "unit": "€/l"
    },
    "productPriceWithLoyaltyCard": null,
    "productPricePerUnitWithLoyaltyCard": null,
    "imageUrl": "https://rimibaltic-res.cloudinary.com/image/upload/d_ecommerce:backend-fallback.png/MAT_1373315_PCE_LV",
    "available": true,
    "discount": null
  },
  {
    "shop": "MAXIMA",
    "categories": [
      1,
      1002,
      10010024
    ],
    "productName": "Dzer.ūdens DINO AQUA FUN neg. 500ml D",
    "productPriceOld": null,
    "productPrice": {
      "value": 0.29,
      "unit": "€"
    },
    "productPricePerUnit": {
      "value": 0.58,
      "unit": "€/l"
    },
    "productPriceWithLoyaltyCard": null,
    "productPricePerUnitWithLoyaltyCard": null,
    "imageUrl": "https://cdn.barbora.lv/products/a2fd8820-f12c-4233-b446-14674057e013_s.png",
    "available": true,
    "discount": null
  },
  {
    "shop": "MAXIMA",
    "categories": [
      1,
      1002,
      10010021
    ],
    "productName": "Gāzēts dzēr.MIO&RIO Zero Cola 2L PET D",
    "productPriceOld": null,
    "productPrice": {
      "value": 1.15,
      "unit": "€"
    },
    "productPricePerUnit": {
      "value": 0.58,
      "unit": "€/l"
    },
    "productPriceWithLoyaltyCard": null,
    "productPricePerUnitWithLoyaltyCard": null,
    "imageUrl": "https://cdn.barbora.lv/products/d1060b4d-6149-4a0c-8900-a19b33f42dc4_s.png",
    "available": true,
    "discount": null
  },
  {
    "shop": "RIMI",
    "categories": [
      1,
      1002,
      10010024
    ],
    "productName": "Ūdens Akvile viegli gāz. citrona g. 1,5l",
    "productPriceOld": null,
    "productPrice": {
      "value": 1.05,
      "unit": "€/gab"
    },
    "productPricePerUnit": {
      "value": 0.7,
      "unit": "€/l"
    },
    "productPriceWithLoyaltyCard": {
      "value": 0.89,
      "unit": "€"
    },
    "productPricePerUnitWithLoyaltyCard": {
      "value": 0.59,
      "unit": "€/l"
    },
    "imageUrl": "https://rimibaltic-res.cloudinary.com/image/upload/d_ecommerce:backend-fallback.png/MAT_1360161_PCE_LV",
    "available": true,
    "discount": 15
  },
  {
    "shop": "MAXIMA",
    "categories": [
      1,
      1002,
      10010023
    ],
    "productName": "Kvass AMBER CITY 1,5L D",
    "productPriceOld": null,
    "productPrice": {
      "value": 0.89,
      "unit": "€"
    },
    "productPricePerUnit": {
      "value": 0.59,
      "unit": "€/l"
    },
    "productPriceWithLoyaltyCard": null,
    "productPricePerUnitWithLoyaltyCard": null,
    "imageUrl": "https://cdn.barbora.lv/products/7ca27ba9-fd7e-4005-b045-c2ffdd110b51_s.png",
    "available": true,
    "discount": null
  },
  {
    "shop": "MAXIMA",
    "categories": [
      1,
      1002,
      10010024
    ],
    "productName": "Gāzēts ūdens NEPTUNAS piparmētru 1,5L D",
    "productPriceOld": null,
    "productPrice": {
      "value": 0.95,
      "unit": "€"
    },
    "productPricePerUnit": {
      "value": 0.63,
      "unit": "€/l"
    },
    "productPriceWithLoyaltyCard": null,
    "productPricePerUnitWithLoyaltyCard": null,
    "imageUrl": "https://cdn.barbora.lv/products/fe4932aa-4f93-4632-a921-d4d0e71b13b8_s.png",
    "available": true,
    "discount": null
  },
  {
    "shop": "MAXIMA",
    "categories": [
      1,
      1002,
      10010024
    ],
    "productName": "Gāzēts ūdens NEPTUNAS citronu 1,5L D",
    "productPriceOld": null,
    "productPrice": {
      "value": 0.95,
      "unit": "€"
    },
    "productPricePerUnit": {
      "value": 0.63,
      "unit": "€/l"
    },
    "productPriceWithLoyaltyCard": null,
    "productPricePerUnitWithLoyaltyCard": null,
    "imageUrl": "https://cdn.barbora.lv/products/e566e516-e8bd-4da1-8692-435d4fa9df8f_s.png",
    "available": true,
    "discount": null
  },
  {
    "shop": "CITRO",
    "categories": [
      1,
      1002,
      10010026
    ],
    "productName": "DZĒRIENS GĀZĒTS TĒRVETE AR MANGO GARŠU 1.5L",
    "productPriceOld": {
      "value": 1.25,
      "unit": "€"
    },
    "productPrice": {
      "value": 0.95,
      "unit": "€"
    },
    "productPricePerUnit": {
      "value": 0.63,
      "unit": "€/L"
    },
    "productPriceWithLoyaltyCard": null,
    "productPricePerUnitWithLoyaltyCard": null,
    "imageUrl": "https://rezekne.citro.lv/wp-content/uploads/2022/11/4750440000905-300x300.jpg",
    "available": true,
    "discount": 24
  },
  {
    "shop": "CITRO",
    "categories": [
      1,
      1002,
      10010024
    ],
    "productName": "ŪDENS DZER.VIEGLI GĀZĒTS AKVILE AR SARKANO OGU SMARŽU 1.5L",
    "productPriceOld": null,
    "productPrice": null,
    "productPricePerUnit": {
      "value": 0.63,
      "unit": "€/L"
    },
    "productPriceWithLoyaltyCard": null,
    "productPricePerUnitWithLoyaltyCard": null,
    "imageUrl": "https://rezekne.citro.lv/wp-content/uploads/2022/06/4770405227994-1-300x300.jpg",
    "available": true,
    "discount": null
  },
  {
    "shop": "CITRO",
    "categories": [
      1,
      1002,
      10010024
    ],
    "productName": "DZERAMAIS ŪDENS AKVILE AR CITRONA GARŠU VIEGLI GĀZĒTS 1,5L",
    "productPriceOld": null,
    "productPrice": null,
    "productPricePerUnit": {
      "value": 0.63,
      "unit": "€/L"
    },
    "productPriceWithLoyaltyCard": null,
    "productPricePerUnitWithLoyaltyCard": null,
    "imageUrl": "https://rezekne.citro.lv/wp-content/uploads/2022/06/4770405227277-1-300x300.jpg",
    "available": true,
    "discount": null
  },
  {
    "shop": "RIMI",
    "categories": [
      1,
      1002,
      10010024
    ],
    "productName": "Minerālūdens Mangaļi-1 dabīgs negāzēts 2l",
    "productPriceOld": null,
    "productPrice": {
      "value": 1.29,
      "unit": "€/gab"
    },
    "productPricePerUnit": {
      "value": 0.65,
      "unit": "€/l"
    },
    "productPriceWithLoyaltyCard": null,
    "productPricePerUnitWithLoyaltyCard": null,
    "imageUrl": "https://rimibaltic-res.cloudinary.com/image/upload/d_ecommerce:backend-fallback.png/MAT_1366075_PCE_LV",
    "available": true,
    "discount": null
  },
  {
    "shop": "MAXIMA",
    "categories": [
      1,
      1002,
      10010024
    ],
    "productName": "Dab.minerālūdens VYTAUTAS gāzēts 1L D",
    "productPriceOld": null,
    "productPrice": {
      "value": 0.65,
      "unit": "€"
    },
    "productPricePerUnit": {
      "value": 0.65,
      "unit": "€/l"
    },
    "productPriceWithLoyaltyCard": null,
    "productPricePerUnitWithLoyaltyCard": null,
    "imageUrl": "https://cdn.barbora.lv/products/2b2b1415-2376-4cbf-bd6d-e2754d3aebeb_s.png",
    "available": true,
    "discount": null
  },
  {
    "shop": "MAXIMA",
    "categories": [
      1,
      1002,
      10010024
    ],
    "productName": "Dabīgs minerālūdens MANGAĻI-1 negāzēts 2L D",
    "productPriceOld": null,
    "productPrice": {
      "value": 1.29,
      "unit": "€"
    },
    "productPricePerUnit": {
      "value": 0.65,
      "unit": "€/l"
    },
    "productPriceWithLoyaltyCard": null,
    "productPricePerUnitWithLoyaltyCard": null,
    "imageUrl": "https://cdn.barbora.lv/products/0d52eb11-68da-43f2-af67-84014dac5615_s.png",
    "available": true,
    "discount": null
  },
  {
    "shop": "MAXIMA",
    "categories": [
      1,
      1002,
      10010021
    ],
    "productName": "Gāz.dzēriens LIMONĀDE LIMPO klasis. 2L D",
    "productPriceOld": {
      "value": 1.89,
      "unit": "€"
    },
    "productPrice": {
      "value": 1.89,
      "unit": "€"
    },
    "productPricePerUnit": {
      "value": 0.95,
      "unit": "€/l"
    },
    "productPriceWithLoyaltyCard": {
      "value": 1.29,
      "unit": "€"
    },
    "productPricePerUnitWithLoyaltyCard": {
      "value": 0.65,
      "unit": "€/l"
    },
    "imageUrl": "https://cdn.barbora.lv/products/d3d519f2-ae90-4958-a705-0d455f9b5b12_s.png",
    "available": true,
    "discount": 32
  },
  {
    "shop": "RIMI",
    "categories": [
      1,
      1002,
      10010024
    ],
    "productName": "Minerālūd. Everest Up himalaju sāli gāz. 1,5l",
    "productPriceOld": null,
    "productPrice": {
      "value": 0.99,
      "unit": "€/gab"
    },
    "productPricePerUnit": {
      "value": 0.66,
      "unit": "€/l"
    },
    "productPriceWithLoyaltyCard": null,
    "productPricePerUnitWithLoyaltyCard": null,
    "imageUrl": "https://rimibaltic-res.cloudinary.com/image/upload/d_ecommerce:backend-fallback.png/MAT_1372802_PCE_LV",
    "available": true,
    "discount": null
  },
  {
    "shop": "MAXIMA",
    "categories": [
      1,
      1002,
      10010021
    ],
    "productName": "Gāz.dz.MANGAĻI VITAFRUIT apr.jasm.1,5L D",
    "productPriceOld": {
      "value": 1.65,
      "unit": "€"
    },
    "productPrice": {
      "value": 1.65,
      "unit": "€"
    },
    "productPricePerUnit": {
      "value": 1.1,
      "unit": "€/l"
    },
    "productPriceWithLoyaltyCard": {
      "value": 0.99,
      "unit": "€"
    },
    "productPricePerUnitWithLoyaltyCard": {
      "value": 0.66,
      "unit": "€/l"
    },
    "imageUrl": "https://cdn.barbora.lv/products/e42798da-eae7-4d9a-b7b6-9f545e86af38_s.png",
    "available": true,
    "discount": 40
  },
  {
    "shop": "MAXIMA",
    "categories": [
      1,
      1002,
      10010021
    ],
    "productName": "Gāz.dz.MANGAĻI VITAFR.citrusaug.g.1,5L D",
    "productPriceOld": {
      "value": 1.65,
      "unit": "€"
    },
    "productPrice": {
      "value": 1.65,
      "unit": "€"
    },
    "productPricePerUnit": {
      "value": 1.1,
      "unit": "€/l"
    },
    "productPriceWithLoyaltyCard": {
      "value": 0.99,
      "unit": "€"
    },
    "productPricePerUnitWithLoyaltyCard": {
      "value": 0.66,
      "unit": "€/l"
    },
    "imageUrl": "https://cdn.barbora.lv/products/fb8ae28c-4336-4847-9357-b3ff5a1ea433_s.png",
    "available": true,
    "discount": 40
  },
  {
    "shop": "MAXIMA",
    "categories": [
      1,
      1002,
      10010023
    ],
    "productName": "Kvasa dzēriens SENČU 1,5L D",
    "productPriceOld": {
      "value": 1.29,
      "unit": "€"
    },
    "productPrice": {
      "value": 1.29,
      "unit": "€"
    },
    "productPricePerUnit": {
      "value": 0.86,
      "unit": "€/l"
    },
    "productPriceWithLoyaltyCard": {
      "value": 0.99,
      "unit": "€"
    },
    "productPricePerUnitWithLoyaltyCard": {
      "value": 0.66,
      "unit": "€/l"
    },
    "imageUrl": "https://cdn.barbora.lv/products/908419c1-4b7d-44dc-9120-ab3bf1a62e1f_s.png",
    "available": true,
    "discount": 23
  },
  {
    "shop": "MAXIMA",
    "categories": [
      1,
      1002,
      10010023
    ],
    "productName": "Mājas kvasa dzēriens 3L",
    "productPriceOld": null,
    "productPrice": {
      "value": 1.99,
      "unit": "€"
    },
    "productPricePerUnit": {
      "value": 0.66,
      "unit": "€/l"
    },
    "productPriceWithLoyaltyCard": null,
    "productPricePerUnitWithLoyaltyCard": null,
    "imageUrl": "https://cdn.barbora.lv/products/a78a7b73-6748-4dce-9a5e-fafba300673d_s.png",
    "available": true,
    "discount": null
  },
  {
    "shop": "CITRO",
    "categories": [
      1,
      1002,
      10010021
    ],
    "productName": "DZĒRIENS GĀZ. FANTASTIKA APELSĪNU 1.5L",
    "productPriceOld": {
      "value": 1.29,
      "unit": "€"
    },
    "productPrice": {
      "value": 0.99,
      "unit": "€"
    },
    "productPricePerUnit": {
      "value": 0.66,
      "unit": "€/L"
    },
    "productPriceWithLoyaltyCard": null,
    "productPricePerUnitWithLoyaltyCard": null,
    "imageUrl": "https://rezekne.citro.lv/wp-content/uploads/2022/04/4750042002246-300x300.jpg",
    "available": true,
    "discount": 23
  },
  {
    "shop": "CITRO",
    "categories": [
      1,
      1002,
      10010024
    ],
    "productName": "ŪDENS LIELBĀTA STILL NEGĀZĒTS 1.5L PET",
    "productPriceOld": {
      "value": 1.09,
      "unit": "€"
    },
    "productPrice": {
      "value": 0.99,
      "unit": "€"
    },
    "productPricePerUnit": {
      "value": 0.66,
      "unit": "€/L"
    },
    "productPriceWithLoyaltyCard": null,
    "productPricePerUnitWithLoyaltyCard": null,
    "imageUrl": "https://rezekne.citro.lv/wp-content/uploads/2022/02/4751020121669-300x300.jpg",
    "available": true,
    "discount": 9
  },
  {
    "shop": "CITRO",
    "categories": [
      1,
      1002,
      10010024
    ],
    "productName": "ŪDENS LIELBĀTA GĀZĒTS 1.5L PET",
    "productPriceOld": {
      "value": 1.09,
      "unit": "€"
    },
    "productPrice": {
      "value": 0.99,
      "unit": "€"
    },
    "productPricePerUnit": {
      "value": 0.66,
      "unit": "€/L"
    },
    "productPriceWithLoyaltyCard": null,
    "productPricePerUnitWithLoyaltyCard": null,
    "imageUrl": "https://rezekne.citro.lv/wp-content/uploads/2022/02/4751020121614-300x300.jpg",
    "available": true,
    "discount": 9
  },
  {
    "shop": "CITRO",
    "categories": [
      1,
      1002,
      10010024
    ],
    "productName": "ŪDENS LIELBĀTA GĀZĒTS 1.5L PET",
    "productPriceOld": {
      "value": 1.09,
      "unit": "€"
    },
    "productPrice": {
      "value": 0.99,
      "unit": "€"
    },
    "productPricePerUnit": {
      "value": 0.66,
      "unit": "€/L"
    },
    "productPriceWithLoyaltyCard": null,
    "productPricePerUnitWithLoyaltyCard": null,
    "imageUrl": "https://rezekne.citro.lv/wp-content/uploads/2022/02/4751020121614-300x300.jpg",
    "available": true,
    "discount": 9
  },
  {
    "shop": "MAXIMA",
    "categories": [
      1,
      1002,
      10010027
    ],
    "productName": "Dz.ūd.AKVILE sark.ogu viegli gāz. 1,5L D",
    "productPriceOld": null,
    "productPrice": {
      "value": 1.01,
      "unit": "€"
    },
    "productPricePerUnit": {
      "value": 0.67,
      "unit": "€/l"
    },
    "productPriceWithLoyaltyCard": null,
    "productPricePerUnitWithLoyaltyCard": null,
    "imageUrl": "https://cdn.barbora.lv/products/a0820dc4-e6ab-4135-bb14-b537e6b4378b_s.png",
    "available": true,
    "discount": null
  },
  {
    "shop": "MAXIMA",
    "categories": [
      1,
      1002,
      10010027
    ],
    "productName": "Dz.ūd. AKVILE citronu viegli gāz. 1,5L D",
    "productPriceOld": null,
    "productPrice": {
      "value": 1.01,
      "unit": "€"
    },
    "productPricePerUnit": {
      "value": 0.67,
      "unit": "€/l"
    },
    "productPriceWithLoyaltyCard": null,
    "productPricePerUnitWithLoyaltyCard": null,
    "imageUrl": "https://cdn.barbora.lv/products/70648bba-5f10-4589-a752-d91effbc4d0e_s.png",
    "available": true,
    "discount": null
  },
  {
    "shop": "MAXIMA",
    "categories": [
      1,
      1002,
      10010021
    ],
    "productName": "Gāzēts dzēriens ar kolas garšu 2L D",
    "productPriceOld": null,
    "productPrice": {
      "value": 1.36,
      "unit": "€"
    },
    "productPricePerUnit": {
      "value": 0.68,
      "unit": "€/l"
    },
    "productPriceWithLoyaltyCard": null,
    "productPricePerUnitWithLoyaltyCard": null,
    "imageUrl": "https://cdn.barbora.lv/products/3e4cecfa-e348-4403-992f-6efa695ed490_s.png",
    "available": true,
    "discount": null
  },
  {
    "shop": "RIMI",
    "categories": [
      1,
      1002,
      10010021
    ],
    "productName": "Gāzēts dz. Rimi ar apelsīnu garšu 2l",
    "productPriceOld": null,
    "productPrice": {
      "value": 1.39,
      "unit": "€/gab"
    },
    "productPricePerUnit": {
      "value": 0.7,
      "unit": "€/l"
    },
    "productPriceWithLoyaltyCard": null,
    "productPricePerUnitWithLoyaltyCard": null,
    "imageUrl": "https://rimibaltic-res.cloudinary.com/image/upload/d_ecommerce:backend-fallback.png/MAT_1360830_PCE_LV",
    "available": true,
    "discount": null
  },
  {
    "shop": "RIMI",
    "categories": [
      1,
      1002,
      10010021
    ],
    "productName": "Gāzēts dzēriens Cola Rimi 2l",
    "productPriceOld": null,
    "productPrice": {
      "value": 1.39,
      "unit": "€/gab"
    },
    "productPricePerUnit": {
      "value": 0.7,
      "unit": "€/l"
    },
    "productPriceWithLoyaltyCard": null,
    "productPricePerUnitWithLoyaltyCard": null,
    "imageUrl": "https://rimibaltic-res.cloudinary.com/image/upload/d_ecommerce:backend-fallback.png/MAT_1360934_PCE_LV",
    "available": true,
    "discount": null
  },
  {
    "shop": "RIMI",
    "categories": [
      1,
      1002,
      10010021
    ],
    "productName": "Gāzēts dzēriens Rimi ar citrona garšu 2l",
    "productPriceOld": null,
    "productPrice": {
      "value": 1.39,
      "unit": "€/gab"
    },
    "productPricePerUnit": {
      "value": 0.7,
      "unit": "€/l"
    },
    "productPriceWithLoyaltyCard": null,
    "productPricePerUnitWithLoyaltyCard": null,
    "imageUrl": "https://rimibaltic-res.cloudinary.com/image/upload/d_ecommerce:backend-fallback.png/MAT_1361161_PCE_LV",
    "available": true,
    "discount": null
  },
  {
    "shop": "RIMI",
    "categories": [
      1,
      1002,
      10010024
    ],
    "productName": "Dz. ūdens Akvile sarkano ogu viegli gāz. 1,5L",
    "productPriceOld": null,
    "productPrice": {
      "value": 1.05,
      "unit": "€/gab"
    },
    "productPricePerUnit": {
      "value": 0.7,
      "unit": "€/l"
    },
    "productPriceWithLoyaltyCard": null,
    "productPricePerUnitWithLoyaltyCard": null,
    "imageUrl": "https://rimibaltic-res.cloudinary.com/image/upload/d_ecommerce:backend-fallback.png/MAT_1367490_PCE_LV",
    "available": true,
    "discount": null
  },
  {
    "shop": "MAXIMA",
    "categories": [
      1,
      1002,
      10010021
    ],
    "productName": "Gāzēts dz.MIO&RIO Citronu-laima 2L PET D",
    "productPriceOld": null,
    "productPrice": {
      "value": 1.39,
      "unit": "€"
    },
    "productPricePerUnit": {
      "value": 0.7,
      "unit": "€/l"
    },
    "productPriceWithLoyaltyCard": null,
    "productPricePerUnitWithLoyaltyCard": null,
    "imageUrl": "https://cdn.barbora.lv/products/372723bb-3053-4132-b3c3-618f4888f940_s.png",
    "available": true,
    "discount": null
  },
  {
    "shop": "MAXIMA",
    "categories": [
      1,
      1002,
      10010021
    ],
    "productName": "Gāz.dzēr.MIO&RIO ar kolas garšu 2L PET D",
    "productPriceOld": null,
    "productPrice": {
      "value": 1.39,
      "unit": "€"
    },
    "productPricePerUnit": {
      "value": 0.7,
      "unit": "€/l"
    },
    "productPriceWithLoyaltyCard": null,
    "productPricePerUnitWithLoyaltyCard": null,
    "imageUrl": "https://cdn.barbora.lv/products/8dae22f8-3424-410d-899a-02ae510fe466_s.png",
    "available": true,
    "discount": null
  },
  {
    "shop": "MAXIMA",
    "categories": [
      1,
      1002,
      10010021
    ],
    "productName": "Gāzēts dzēr. MIO&RIO Apelsīnu 2L PET D",
    "productPriceOld": null,
    "productPrice": {
      "value": 1.39,
      "unit": "€"
    },
    "productPricePerUnit": {
      "value": 0.7,
      "unit": "€/l"
    },
    "productPriceWithLoyaltyCard": null,
    "productPricePerUnitWithLoyaltyCard": null,
    "imageUrl": "https://cdn.barbora.lv/products/b4e392c0-02dd-43a8-bdcc-701898526869_s.png",
    "available": true,
    "discount": null
  },
  {
    "shop": "MAXIMA",
    "categories": [
      1,
      1002,
      10010020
    ],
    "productName": "Sulas dzēriens MIO&RIO multiaugļu 2L",
    "productPriceOld": null,
    "productPrice": {
      "value": 1.39,
      "unit": "€"
    },
    "productPricePerUnit": {
      "value": 0.7,
      "unit": "€/l"
    },
    "productPriceWithLoyaltyCard": null,
    "productPricePerUnitWithLoyaltyCard": null,
    "imageUrl": "https://cdn.barbora.lv/products/c8d02d79-5ecd-4863-a18d-25dc92af7085_s.png",
    "available": true,
    "discount": null
  },
  {
    "shop": "MAXIMA",
    "categories": [
      1,
      1002,
      10010020
    ],
    "productName": "Nektārs ābolu MIO&RIO 2L",
    "productPriceOld": null,
    "productPrice": {
      "value": 1.41,
      "unit": "€"
    },
    "productPricePerUnit": {
      "value": 0.71,
      "unit": "€/l"
    },
    "productPriceWithLoyaltyCard": null,
    "productPricePerUnitWithLoyaltyCard": null,
    "imageUrl": "https://cdn.barbora.lv/products/4645b99d-cc09-48fb-965b-301f18297b9e_s.png",
    "available": true,
    "discount": null
  },
  {
    "shop": "RIMI",
    "categories": [
      1,
      1002,
      10010024
    ],
    "productName": "Dzer. ūdens Rimi ar citronu garšu,gāz. 1,5l",
    "productPriceOld": null,
    "productPrice": {
      "value": 1.09,
      "unit": "€/gab"
    },
    "productPricePerUnit": {
      "value": 0.73,
      "unit": "€/l"
    },
    "productPriceWithLoyaltyCard": null,
    "productPricePerUnitWithLoyaltyCard": null,
    "imageUrl": "https://rimibaltic-res.cloudinary.com/image/upload/d_ecommerce:backend-fallback.png/MAT_1360003_PCE_LV",
    "available": true,
    "discount": null
  },
  {
    "shop": "RIMI",
    "categories": [
      1,
      1002,
      10010024
    ],
    "productName": "Dz. ūdens Rimi ar brūkleņu garšu gāzēts 1,5l",
    "productPriceOld": null,
    "productPrice": {
      "value": 1.09,
      "unit": "€/gab"
    },
    "productPricePerUnit": {
      "value": 0.73,
      "unit": "€/l"
    },
    "productPriceWithLoyaltyCard": null,
    "productPricePerUnitWithLoyaltyCard": null,
    "imageUrl": "https://rimibaltic-res.cloudinary.com/image/upload/d_ecommerce:backend-fallback.png/MAT_1360021_PCE_LV",
    "available": true,
    "discount": null
  },
  {
    "shop": "MAXIMA",
    "categories": [
      1,
      1002,
      10010021
    ],
    "productName": "Gāzēts dzēriens RC COLA 2L D",
    "productPriceOld": {
      "value": 1.89,
      "unit": "€"
    },
    "productPrice": {
      "value": 1.89,
      "unit": "€"
    },
    "productPricePerUnit": {
      "value": 0.95,
      "unit": "€/l"
    },
    "productPriceWithLoyaltyCard": {
      "value": 1.49,
      "unit": "€"
    },
    "productPricePerUnitWithLoyaltyCard": {
      "value": 0.75,
      "unit": "€/l"
    },
    "imageUrl": "https://cdn.barbora.lv/products/bbd84a4d-3e1c-4f78-9a50-f56cc00f8604_s.png",
    "available": true,
    "discount": 21
  },
  {
    "shop": "RIMI",
    "categories": [
      1,
      1002,
      10010024
    ],
    "productName": "Ūdens Lielbāta negāzēts 1,5l",
    "productPriceOld": null,
    "productPrice": {
      "value": 1.15,
      "unit": "€/gab"
    },
    "productPricePerUnit": {
      "value": 0.77,
      "unit": "€/l"
    },
    "productPriceWithLoyaltyCard": null,
    "productPricePerUnitWithLoyaltyCard": null,
    "imageUrl": "https://rimibaltic-res.cloudinary.com/image/upload/d_ecommerce:backend-fallback.png/MAT_1356588_PCE_LV",
    "available": true,
    "discount": null
  },
  {
    "shop": "RIMI",
    "categories": [
      1,
      1002,
      10010024
    ],
    "productName": "Ūdens Lielbāta avota gāzēts 1,5l",
    "productPriceOld": null,
    "productPrice": {
      "value": 1.15,
      "unit": "€/gab"
    },
    "productPricePerUnit": {
      "value": 0.77,
      "unit": "€/l"
    },
    "productPriceWithLoyaltyCard": null,
    "productPricePerUnitWithLoyaltyCard": null,
    "imageUrl": "https://rimibaltic-res.cloudinary.com/image/upload/d_ecommerce:backend-fallback.png/MAT_1358477_PCE_LV",
    "available": true,
    "discount": null
  },
  {
    "shop": "RIMI",
    "categories": [
      1,
      1002,
      10010024
    ],
    "productName": "Minerālūdens Akvile Sport negāzēts, dabīgs 1l",
    "productPriceOld": null,
    "productPrice": {
      "value": 0.77,
      "unit": "€/gab"
    },
    "productPricePerUnit": {
      "value": 0.77,
      "unit": "€/l"
    },
    "productPriceWithLoyaltyCard": null,
    "productPricePerUnitWithLoyaltyCard": null,
    "imageUrl": "https://rimibaltic-res.cloudinary.com/image/upload/d_ecommerce:backend-fallback.png/MAT_1359660_PCE_LV",
    "available": true,
    "discount": null
  },
  {
    "shop": "MAXIMA",
    "categories": [
      1,
      1002,
      10010027
    ],
    "productName": "Dzer.ūd.MANGAĻI VITAFR.citr.laima 1,5L D",
    "productPriceOld": {
      "value": 1.65,
      "unit": "€"
    },
    "productPrice": {
      "value": 1.65,
      "unit": "€"
    },
    "productPricePerUnit": {
      "value": 1.1,
      "unit": "€/l"
    },
    "productPriceWithLoyaltyCard": {
      "value": 1.15,
      "unit": "€"
    },
    "productPricePerUnitWithLoyaltyCard": {
      "value": 0.77,
      "unit": "€/l"
    },
    "imageUrl": "https://cdn.barbora.lv/products/a0190dd4-f7c9-471e-80d4-0c2f3f6cb4ca_s.png",
    "available": true,
    "discount": 30
  },
  {
    "shop": "MAXIMA",
    "categories": [
      1,
      1002,
      10010024
    ],
    "productName": "Dabīgais minerālūdens AKVILE Sport negāzēts 1L D",
    "productPriceOld": null,
    "productPrice": {
      "value": 0.77,
      "unit": "€"
    },
    "productPricePerUnit": {
      "value": 0.77,
      "unit": "€/l"
    },
    "productPriceWithLoyaltyCard": null,
    "productPricePerUnitWithLoyaltyCard": null,
    "imageUrl": "https://cdn.barbora.lv/products/c2db4d1e-3063-49ac-8921-1d3b58a719d8_s.png",
    "available": true,
    "discount": null
  },
  {
    "shop": "MAXIMA",
    "categories": [
      1,
      1002,
      10010024
    ],
    "productName": "Avota ūdens LIELBĀTA gāzēts 1,5L D",
    "productPriceOld": null,
    "productPrice": {
      "value": 1.15,
      "unit": "€"
    },
    "productPricePerUnit": {
      "value": 0.77,
      "unit": "€/l"
    },
    "productPriceWithLoyaltyCard": null,
    "productPricePerUnitWithLoyaltyCard": null,
    "imageUrl": "https://cdn.barbora.lv/products/495bf462-c692-4747-8fcd-75b5a768ad7e_s.png",
    "available": true,
    "discount": null
  },
  {
    "shop": "MAXIMA",
    "categories": [
      1,
      1002,
      10010021
    ],
    "productName": "Negāzēts dzēriens FRUTS burkānu-tropu augļu 1,5L D",
    "productPriceOld": {
      "value": 1.65,
      "unit": "€"
    },
    "productPrice": {
      "value": 1.15,
      "unit": "€"
    },
    "productPricePerUnit": {
      "value": 0.77,
      "unit": "€/l"
    },
    "productPriceWithLoyaltyCard": null,
    "productPricePerUnitWithLoyaltyCard": null,
    "imageUrl": "https://cdn.barbora.lv/products/fbffe8a8-9fbd-4dce-b2a7-9b1c8c18c356_s.png",
    "available": true,
    "discount": 30
  },
  {
    "shop": "MAXIMA",
    "categories": [
      1,
      1002,
      10010021
    ],
    "productName": "Negāzēts dzēriens FRUTS sarkano ogu 1,5L D",
    "productPriceOld": {
      "value": 1.65,
      "unit": "€"
    },
    "productPrice": {
      "value": 1.15,
      "unit": "€"
    },
    "productPricePerUnit": {
      "value": 0.77,
      "unit": "€/l"
    },
    "productPriceWithLoyaltyCard": null,
    "productPricePerUnitWithLoyaltyCard": null,
    "imageUrl": "https://cdn.barbora.lv/products/7ab6fd6e-19a7-4ede-9c4c-e9e8030e9e17_s.png",
    "available": true,
    "discount": 30
  },
  {
    "shop": "RIMI",
    "categories": [
      1,
      1002,
      10010024
    ],
    "productName": "Dabīgs minerālūdens Rimi negāzēts 0,5l",
    "productPriceOld": null,
    "productPrice": {
      "value": 0.49,
      "unit": "€/gab"
    },
    "productPricePerUnit": {
      "value": 0.98,
      "unit": "€/l"
    },
    "productPriceWithLoyaltyCard": {
      "value": 0.39,
      "unit": "€"
    },
    "productPricePerUnitWithLoyaltyCard": {
      "value": 0.78,
      "unit": "€/l"
    },
    "imageUrl": "https://rimibaltic-res.cloudinary.com/image/upload/d_ecommerce:backend-fallback.png/MAT_1364660_PCE_LV",
    "available": true,
    "discount": 20
  },
  {
    "shop": "RIMI",
    "categories": [
      1,
      1002,
      10010024
    ],
    "productName": "Dabīgs minerālūdens Rimi gāzēts 0,5l",
    "productPriceOld": null,
    "productPrice": {
      "value": 0.49,
      "unit": "€/gab"
    },
    "productPricePerUnit": {
      "value": 0.98,
      "unit": "€/l"
    },
    "productPriceWithLoyaltyCard": {
      "value": 0.39,
      "unit": "€"
    },
    "productPricePerUnitWithLoyaltyCard": {
      "value": 0.78,
      "unit": "€/l"
    },
    "imageUrl": "https://rimibaltic-res.cloudinary.com/image/upload/d_ecommerce:backend-fallback.png/MAT_1364648_PCE_LV",
    "available": true,
    "discount": 20
  },
  {
    "shop": "CITRO",
    "categories": [
      1,
      1002,
      10010024
    ],
    "productName": "MINERĀLŪDENS VYTAUTAS NATURĀLS GĀZ. 0.5L",
    "productPriceOld": null,
    "productPrice": null,
    "productPricePerUnit": {
      "value": 0.78,
      "unit": "€/L"
    },
    "productPriceWithLoyaltyCard": null,
    "productPricePerUnitWithLoyaltyCard": null,
    "imageUrl": "https://rezekne.citro.lv/wp-content/uploads/2023/04/4770405227093-300x300.jpg",
    "available": true,
    "discount": null
  },
  {
    "shop": "RIMI",
    "categories": [
      1,
      1002,
      10010024
    ],
    "productName": "Ūdens Mangaļi Plus ar piev. minerāls. gāz.1l",
    "productPriceOld": null,
    "productPrice": {
      "value": 1.05,
      "unit": "€/gab"
    },
    "productPricePerUnit": {
      "value": 1.05,
      "unit": "€/l"
    },
    "productPriceWithLoyaltyCard": {
      "value": 0.79,
      "unit": "€"
    },
    "productPricePerUnitWithLoyaltyCard": {
      "value": 0.79,
      "unit": "€/l"
    },
    "imageUrl": "https://rimibaltic-res.cloudinary.com/image/upload/d_ecommerce:backend-fallback.png/MAT_1373612_PCE_LV",
    "available": true,
    "discount": 25
  },
  {
    "shop": "RIMI",
    "categories": [
      1,
      1002,
      10010024
    ],
    "productName": "Ūdens Venden citrons gāzēts 1,5l",
    "productPriceOld": null,
    "productPrice": {
      "value": 1.19,
      "unit": "€/gab"
    },
    "productPricePerUnit": {
      "value": 0.79,
      "unit": "€/l"
    },
    "productPriceWithLoyaltyCard": null,
    "productPricePerUnitWithLoyaltyCard": null,
    "imageUrl": "https://rimibaltic-res.cloudinary.com/image/upload/d_ecommerce:backend-fallback.png/MAT_1364417_PCE_LV",
    "available": true,
    "discount": null
  },
  {
    "shop": "RIMI",
    "categories": [
      1,
      1002,
      10010024
    ],
    "productName": "Ūdens Venden apelsīns/citrons gāzēts 1,5l",
    "productPriceOld": null,
    "productPrice": {
      "value": 1.19,
      "unit": "€/gab"
    },
    "productPricePerUnit": {
      "value": 0.79,
      "unit": "€/l"
    },
    "productPriceWithLoyaltyCard": null,
    "productPricePerUnitWithLoyaltyCard": null,
    "imageUrl": "https://rimibaltic-res.cloudinary.com/image/upload/d_ecommerce:backend-fallback.png/MAT_1368269_PCE_LV",
    "available": true,
    "discount": null
  },
  {
    "shop": "RIMI",
    "categories": [
      1,
      1002,
      10010024
    ],
    "productName": "Ūdens Venden Dzērvene gāzēts 1,5l",
    "productPriceOld": null,
    "productPrice": {
      "value": 1.19,
      "unit": "€/gab"
    },
    "productPricePerUnit": {
      "value": 0.79,
      "unit": "€/l"
    },
    "productPriceWithLoyaltyCard": null,
    "productPricePerUnitWithLoyaltyCard": null,
    "imageUrl": "https://rimibaltic-res.cloudinary.com/image/upload/d_ecommerce:backend-fallback.png/MAT_1364408_PCE_LV",
    "available": true,
    "discount": null
  },
  {
    "shop": "MAXIMA",
    "categories": [
      1,
      1002,
      10010024
    ],
    "productName": "Avota ūdens LIELBĀTA negāzēts 1,5L D",
    "productPriceOld": null,
    "productPrice": {
      "value": 1.19,
      "unit": "€"
    },
    "productPricePerUnit": {
      "value": 0.79,
      "unit": "€/l"
    },
    "productPriceWithLoyaltyCard": null,
    "productPricePerUnitWithLoyaltyCard": null,
    "imageUrl": "https://cdn.barbora.lv/products/8bd31839-1189-466d-8971-9d2db7f7d7ca_s.png",
    "available": true,
    "discount": null
  },
  {
    "shop": "MAXIMA",
    "categories": [
      1,
      1002,
      10010024
    ],
    "productName": "Dabīgais minerālūd.VENDEN citronu gāzēts 1,5L D",
    "productPriceOld": null,
    "productPrice": {
      "value": 1.19,
      "unit": "€"
    },
    "productPricePerUnit": {
      "value": 0.79,
      "unit": "€/l"
    },
    "productPriceWithLoyaltyCard": null,
    "productPricePerUnitWithLoyaltyCard": null,
    "imageUrl": "https://cdn.barbora.lv/products/6f66ba1e-9270-43bb-9c7a-6ae80bf8314f_s.png",
    "available": true,
    "discount": null
  },
  {
    "shop": "MAXIMA",
    "categories": [
      1,
      1002,
      10010024
    ],
    "productName": "Avota ūdens LIELBĀTA negāzēts 6x1,5L D",
    "productPriceOld": null,
    "productPrice": {
      "value": 7.14,
      "unit": "€"
    },
    "productPricePerUnit": {
      "value": 0.79,
      "unit": "€/l"
    },
    "productPriceWithLoyaltyCard": null,
    "productPricePerUnitWithLoyaltyCard": null,
    "imageUrl": "https://cdn.barbora.lv/products/5c8aceca-4a88-4d4a-8725-040d0cb9c30e_s.png",
    "available": true,
    "discount": null
  },
  {
    "shop": "MAXIMA",
    "categories": [
      1,
      1002,
      10010021
    ],
    "productName": "Gāz.dzēriens ENJOY vīnogu meloņu 1,5L D",
    "productPriceOld": {
      "value": 1.69,
      "unit": "€"
    },
    "productPrice": {
      "value": 1.19,
      "unit": "€"
    },
    "productPricePerUnit": {
      "value": 0.8,
      "unit": "€/l"
    },
    "productPriceWithLoyaltyCard": null,
    "productPricePerUnitWithLoyaltyCard": null,
    "imageUrl": "https://cdn.barbora.lv/products/379b12ae-ddd8-4517-8a7d-201ece8469c5_s.png",
    "available": true,
    "discount": 30
  },
  {
    "shop": "MAXIMA",
    "categories": [
      1,
      1002,
      10010021
    ],
    "productName": "Gāzēts dzēriens ENJOY citronu-laima-piparmētru 1,5L D",
    "productPriceOld": {
      "value": 1.69,
      "unit": "€"
    },
    "productPrice": {
      "value": 1.19,
      "unit": "€"
    },
    "productPricePerUnit": {
      "value": 0.8,
      "unit": "€/l"
    },
    "productPriceWithLoyaltyCard": null,
    "productPricePerUnitWithLoyaltyCard": null,
    "imageUrl": "https://cdn.barbora.lv/products/f51e8f5e-b5bb-42e3-a5cc-1d6e0329444e_s.png",
    "available": true,
    "discount": 30
  },
  {
    "shop": "MAXIMA",
    "categories": [
      1,
      1002,
      10010021
    ],
    "productName": "Gāzēts dzēriens ENJOY arbūzu 1,5L D",
    "productPriceOld": {
      "value": 1.69,
      "unit": "€"
    },
    "productPrice": {
      "value": 1.19,
      "unit": "€"
    },
    "productPricePerUnit": {
      "value": 0.8,
      "unit": "€/l"
    },
    "productPriceWithLoyaltyCard": null,
    "productPricePerUnitWithLoyaltyCard": null,
    "imageUrl": "https://cdn.barbora.lv/products/1f5848af-3bf6-4e9e-9130-653001ecda40_s.png",
    "available": true,
    "discount": 30
  },
  {
    "shop": "RIMI",
    "categories": [
      1,
      1002,
      10010024
    ],
    "productName": "Minerālūdens Sant'Anna dabīgs negāzēts 1,5l",
    "productPriceOld": null,
    "productPrice": {
      "value": 1.25,
      "unit": "€/gab"
    },
    "productPricePerUnit": {
      "value": 0.83,
      "unit": "€/l"
    },
    "productPriceWithLoyaltyCard": null,
    "productPricePerUnitWithLoyaltyCard": null,
    "imageUrl": "https://rimibaltic-res.cloudinary.com/image/upload/d_ecommerce:backend-fallback.png/MAT_1358522_PCE_LV",
    "available": true,
    "discount": null
  },
  {
    "shop": "RIMI",
    "categories": [
      1,
      1002,
      10010024
    ],
    "productName": "Ūdens Mangaļi Plus ar minerālsāļ. gāzēts 1,5l",
    "productPriceOld": null,
    "productPrice": {
      "value": 1.25,
      "unit": "€/gab"
    },
    "productPricePerUnit": {
      "value": 0.83,
      "unit": "€/l"
    },
    "productPriceWithLoyaltyCard": null,
    "productPricePerUnitWithLoyaltyCard": null,
    "imageUrl": "https://rimibaltic-res.cloudinary.com/image/upload/d_ecommerce:backend-fallback.png/MAT_1370880_PCE_LV",
    "available": true,
    "discount": null
  },
  {
    "shop": "RIMI",
    "categories": [
      1,
      1002,
      10010024
    ],
    "productName": "Minerālūdens Sant'Anna dabīgs gāzēts 1,5l",
    "productPriceOld": null,
    "productPrice": {
      "value": 1.25,
      "unit": "€/gab"
    },
    "productPricePerUnit": {
      "value": 0.83,
      "unit": "€/l"
    },
    "productPriceWithLoyaltyCard": null,
    "productPricePerUnitWithLoyaltyCard": null,
    "imageUrl": "https://rimibaltic-res.cloudinary.com/image/upload/d_ecommerce:backend-fallback.png/MAT_1365993_PCE_LV",
    "available": true,
    "discount": null
  },
  {
    "shop": "MAXIMA",
    "categories": [
      1,
      1002,
      10010027
    ],
    "productName": "Gāz.ūd.MANGAĻI PLUS ar min.vielām 1,5L D",
    "productPriceOld": null,
    "productPrice": {
      "value": 1.25,
      "unit": "€"
    },
    "productPricePerUnit": {
      "value": 0.83,
      "unit": "€/l"
    },
    "productPriceWithLoyaltyCard": null,
    "productPricePerUnitWithLoyaltyCard": null,
    "imageUrl": "https://cdn.barbora.lv/products/f892264f-fc57-4e91-a776-21af44eabec5_s.png",
    "available": true,
    "discount": null
  },
  {
    "shop": "CITRO",
    "categories": [
      1,
      1003,
      1003005
    ],
    "productName": "BĒRZŪDENS BEZALK.DZĒRIENS CĒSU ZEM.&BAZ.1.5L",
    "productPriceOld": null,
    "productPrice": null,
    "productPricePerUnit": {
      "value": 0.83,
      "unit": "€/L"
    },
    "productPriceWithLoyaltyCard": null,
    "productPricePerUnitWithLoyaltyCard": null,
    "imageUrl": "https://rezekne.citro.lv/wp-content/uploads/2022/03/4750142005468-300x300.jpg",
    "available": true,
    "discount": null
  },
  {
    "shop": "CITRO",
    "categories": [
      1,
      1003,
      1003005
    ],
    "productName": "BĒRZŪDENS BEZALK.DZĒRIENS CĒSU MELLEŅU 1.5L",
    "productPriceOld": null,
    "productPrice": null,
    "productPricePerUnit": {
      "value": 0.83,
      "unit": "€/L"
    },
    "productPriceWithLoyaltyCard": null,
    "productPricePerUnitWithLoyaltyCard": null,
    "imageUrl": "https://rezekne.citro.lv/wp-content/uploads/2022/03/4750142005482-300x300.jpeg",
    "available": true,
    "discount": null
  },
  {
    "shop": "CITRO",
    "categories": [
      1,
      1002,
      10010023
    ],
    "productName": "KVASA DZĒRIENS SENČU CIDO 1.5L",
    "productPriceOld": null,
    "productPrice": null,
    "productPricePerUnit": {
      "value": 0.83,
      "unit": "€/L"
    },
    "productPriceWithLoyaltyCard": null,
    "productPricePerUnitWithLoyaltyCard": null,
    "imageUrl": "https://rezekne.citro.lv/wp-content/uploads/2022/04/4750042001874-300x300.jpg",
    "available": true,
    "discount": null
  },
  {
    "shop": "RIMI",
    "categories": [
      1,
      1002,
      10010024
    ],
    "productName": "Dzeram. ūdens Vitafruit aprikožu jasmīna 1,5l",
    "productPriceOld": null,
    "productPrice": {
      "value": 1.65,
      "unit": "€/gab"
    },
    "productPricePerUnit": {
      "value": 1.08,
      "unit": "€/l"
    },
    "productPriceWithLoyaltyCard": {
      "value": 1.29,
      "unit": "€"
    },
    "productPricePerUnitWithLoyaltyCard": {
      "value": 0.85,
      "unit": "€/l"
    },
    "imageUrl": "https://rimibaltic-res.cloudinary.com/image/upload/d_ecommerce:backend-fallback.png/MAT_1365283_PCE_LV",
    "available": true,
    "discount": 22
  },
  {
    "shop": "CITRO",
    "categories": [
      1,
      1002,
      10010021
    ],
    "productName": "LIMONĀDE RC COLA 2L",
    "productPriceOld": null,
    "productPrice": null,
    "productPricePerUnit": {
      "value": 0.85,
      "unit": "€/L"
    },
    "productPriceWithLoyaltyCard": null,
    "productPricePerUnitWithLoyaltyCard": null,
    "imageUrl": "https://rezekne.citro.lv/wp-content/uploads/2022/05/4750142005505arFonu-300x300.jpg",
    "available": true,
    "discount": null
  },
  {
    "shop": "RIMI",
    "categories": [
      1,
      1002,
      10010024
    ],
    "productName": "Minerālūdens Evian negāzēts 1,5l",
    "productPriceOld": null,
    "productPrice": {
      "value": 1.29,
      "unit": "€/gab"
    },
    "productPricePerUnit": {
      "value": 0.86,
      "unit": "€/l"
    },
    "productPriceWithLoyaltyCard": null,
    "productPricePerUnitWithLoyaltyCard": null,
    "imageUrl": "https://rimibaltic-res.cloudinary.com/image/upload/d_ecommerce:backend-fallback.png/MAT_1350662_PCE_LV",
    "available": true,
    "discount": null
  },
  {
    "shop": "RIMI",
    "categories": [
      1,
      1002,
      10010023
    ],
    "productName": "Kvasa dzēriens Senču 1,5l",
    "productPriceOld": null,
    "productPrice": {
      "value": 1.49,
      "unit": "€/gab"
    },
    "productPricePerUnit": {
      "value": 0.99,
      "unit": "€/l"
    },
    "productPriceWithLoyaltyCard": {
      "value": 1.29,
      "unit": "€"
    },
    "productPricePerUnitWithLoyaltyCard": {
      "value": 0.86,
      "unit": "€/l"
    },
    "imageUrl": "https://rimibaltic-res.cloudinary.com/image/upload/d_ecommerce:backend-fallback.png/MAT_113848_PCE_LV",
    "available": true,
    "discount": 13
  },
  {
    "shop": "RIMI",
    "categories": [
      1,
      1002,
      10010026
    ],
    "productName": "Ledus tēja Cido ar zaļās tējas ekst.pers.1,5l",
    "productPriceOld": null,
    "productPrice": {
      "value": 1.65,
      "unit": "€/gab"
    },
    "productPricePerUnit": {
      "value": 1.1,
      "unit": "€/l"
    },
    "productPriceWithLoyaltyCard": {
      "value": 1.29,
      "unit": "€"
    },
    "productPricePerUnitWithLoyaltyCard": {
      "value": 0.86,
      "unit": "€/l"
    },
    "imageUrl": "https://rimibaltic-res.cloudinary.com/image/upload/d_ecommerce:backend-fallback.png/MAT_1353520_PCE_LV",
    "available": true,
    "discount": 22
  },
  {
    "shop": "RIMI",
    "categories": [
      1,
      1002,
      10010024
    ],
    "productName": "Dzer. ūdens Mangaļi Vitafruit āb. cidon. 1,5l",
    "productPriceOld": null,
    "productPrice": {
      "value": 1.65,
      "unit": "€/gab"
    },
    "productPricePerUnit": {
      "value": 1.1,
      "unit": "€/l"
    },
    "productPriceWithLoyaltyCard": {
      "value": 1.29,
      "unit": "€"
    },
    "productPricePerUnitWithLoyaltyCard": {
      "value": 0.86,
      "unit": "€/l"
    },
    "imageUrl": "https://rimibaltic-res.cloudinary.com/image/upload/d_ecommerce:backend-fallback.png/MAT_1363747_PCE_LV",
    "available": true,
    "discount": 22
  },
  {
    "shop": "RIMI",
    "categories": [
      1,
      1002,
      10010021
    ],
    "productName": "Gāzēts dzēriens limonāde Rimi 1,5l",
    "productPriceOld": null,
    "productPrice": {
      "value": 1.29,
      "unit": "€/gab"
    },
    "productPricePerUnit": {
      "value": 0.86,
      "unit": "€/l"
    },
    "productPriceWithLoyaltyCard": null,
    "productPricePerUnitWithLoyaltyCard": null,
    "imageUrl": "https://rimibaltic-res.cloudinary.com/image/upload/d_ecommerce:backend-fallback.png/MAT_1361840_PCE_LV",
    "available": true,
    "discount": null
  },
  {
    "shop": "RIMI",
    "categories": [
      1,
      1002,
      10010023
    ],
    "productName": "Kvass Rimi 1,5l",
    "productPriceOld": null,
    "productPrice": {
      "value": 1.65,
      "unit": "€/gab"
    },
    "productPricePerUnit": {
      "value": 1.1,
      "unit": "€/l"
    },
    "productPriceWithLoyaltyCard": {
      "value": 1.29,
      "unit": "€"
    },
    "productPricePerUnitWithLoyaltyCard": {
      "value": 0.86,
      "unit": "€/l"
    },
    "imageUrl": "https://rimibaltic-res.cloudinary.com/image/upload/d_ecommerce:backend-fallback.png/MAT_1375041_PCE_LV",
    "available": true,
    "discount": 22
  },
  {
    "shop": "RIMI",
    "categories": [
      1,
      1002,
      10010024
    ],
    "productName": "Ūdens Vichy Fresh Bubble Lemon 1,5l",
    "productPriceOld": null,
    "productPrice": {
      "value": 1.29,
      "unit": "€/gab"
    },
    "productPricePerUnit": {
      "value": 0.86,
      "unit": "€/l"
    },
    "productPriceWithLoyaltyCard": null,
    "productPricePerUnitWithLoyaltyCard": null,
    "imageUrl": "https://rimibaltic-res.cloudinary.com/image/upload/d_ecommerce:backend-fallback.png/MAT_1361800_PCE_LV",
    "available": true,
    "discount": null
  },
  {
    "shop": "CITRO",
    "categories": [
      1,
      1002,
      10010020
    ],
    "productName": "SULAS DZĒRIENS FRUTS BURKĀNU TROPISKO AUGĻU 1.5L",
    "productPriceOld": {
      "value": 1.59,
      "unit": "€"
    },
    "productPrice": {
      "value": 1.29,
      "unit": "€"
    },
    "productPricePerUnit": {
      "value": 0.86,
      "unit": "€/L"
    },
    "productPriceWithLoyaltyCard": null,
    "productPricePerUnitWithLoyaltyCard": null,
    "imageUrl": "https://rezekne.citro.lv/wp-content/uploads/2022/04/4750042002291-300x300.jpg",
    "available": true,
    "discount": 19
  },
  {
    "shop": "CITRO",
    "categories": [
      1,
      1002,
      10010024
    ],
    "productName": "ŪDENS DZERAMAIS VICHY CITRONU GĀZĒTS 1.5L",
    "productPriceOld": null,
    "productPrice": null,
    "productPricePerUnit": {
      "value": 0.86,
      "unit": "€/L"
    },
    "productPriceWithLoyaltyCard": null,
    "productPricePerUnitWithLoyaltyCard": null,
    "imageUrl": "https://rezekne.citro.lv/wp-content/uploads/2022/06/4770349231521-300x300.jpg",
    "available": true,
    "discount": null
  },
  {
    "shop": "CITRO",
    "categories": [
      1,
      1002,
      10010021
    ],
    "productName": "DZĒRIENS GĀZ. FANTASTIKA COLA 1.5L",
    "productPriceOld": null,
    "productPrice": null,
    "productPricePerUnit": {
      "value": 0.86,
      "unit": "€/L"
    },
    "productPriceWithLoyaltyCard": null,
    "productPricePerUnitWithLoyaltyCard": null,
    "imageUrl": "https://rezekne.citro.lv/wp-content/uploads/2022/05/4750042002253-300x300.jpg",
    "available": true,
    "discount": null
  },
  {
    "shop": "RIMI",
    "categories": [
      1,
      1002,
      10010024
    ],
    "productName": "Minerālūdens Stelpes viegli gāzēts 1l",
    "productPriceOld": null,
    "productPrice": {
      "value": 1.59,
      "unit": "€/gab"
    },
    "productPricePerUnit": {
      "value": 1.59,
      "unit": "€/l"
    },
    "productPriceWithLoyaltyCard": {
      "value": 0.89,
      "unit": "€"
    },
    "productPricePerUnitWithLoyaltyCard": {
      "value": 0.89,
      "unit": "€/l"
    },
    "imageUrl": "https://rimibaltic-res.cloudinary.com/image/upload/d_ecommerce:backend-fallback.png/MAT_1373444_PCE_LV",
    "available": true,
    "discount": 44
  },
  {
    "shop": "RIMI",
    "categories": [
      1,
      1002,
      10010024
    ],
    "productName": "Dzer. ūdens Rimi ar ābolu garšu,negāzēts 1,5l",
    "productPriceOld": null,
    "productPrice": {
      "value": 1.35,
      "unit": "€/gab"
    },
    "productPricePerUnit": {
      "value": 0.9,
      "unit": "€/l"
    },
    "productPriceWithLoyaltyCard": null,
    "productPricePerUnitWithLoyaltyCard": null,
    "imageUrl": "https://rimibaltic-res.cloudinary.com/image/upload/d_ecommerce:backend-fallback.png/MAT_1360017_PCE_LV",
    "available": true,
    "discount": null
  },
  {
    "shop": "RIMI",
    "categories": [
      1,
      1002,
      10010024
    ],
    "productName": "Dzer. ūdens Rimi ar citronu garšu,negāz.1,5l",
    "productPriceOld": null,
    "productPrice": {
      "value": 1.35,
      "unit": "€/gab"
    },
    "productPricePerUnit": {
      "value": 0.9,
      "unit": "€/l"
    },
    "productPriceWithLoyaltyCard": null,
    "productPricePerUnitWithLoyaltyCard": null,
    "imageUrl": "https://rimibaltic-res.cloudinary.com/image/upload/d_ecommerce:backend-fallback.png/MAT_1360007_PCE_LV",
    "available": true,
    "discount": null
  },
  {
    "shop": "MAXIMA",
    "categories": [
      1,
      1002,
      10010021
    ],
    "productName": "Gāzēts dzēriens FANTASTIKA COLA 1,5L D",
    "productPriceOld": null,
    "productPrice": {
      "value": 1.38,
      "unit": "€"
    },
    "productPricePerUnit": {
      "value": 0.92,
      "unit": "€/l"
    },
    "productPriceWithLoyaltyCard": null,
    "productPricePerUnitWithLoyaltyCard": null,
    "imageUrl": "https://cdn.barbora.lv/products/29ba8f61-076b-4239-b07d-c85df760437d_s.png",
    "available": true,
    "discount": null
  },
  {
    "shop": "CITRO",
    "categories": [
      1,
      1002,
      10010024
    ],
    "productName": "MINERĀLŪDENS DABĪGAIS VENDEN SPORTA NEGĀZĒTS 0.75L",
    "productPriceOld": null,
    "productPrice": null,
    "productPricePerUnit": {
      "value": 0.92,
      "unit": "€/L"
    },
    "productPriceWithLoyaltyCard": null,
    "productPricePerUnitWithLoyaltyCard": null,
    "imageUrl": "https://rezekne.citro.lv/wp-content/uploads/2024/07/4751014941013-300x300.png",
    "available": true,
    "discount": null
  },
  {
    "shop": "RIMI",
    "categories": [
      1,
      1002,
      10010021
    ],
    "productName": "Limonāde Cēsu 1,5l",
    "productPriceOld": null,
    "productPrice": {
      "value": 1.39,
      "unit": "€/gab"
    },
    "productPricePerUnit": {
      "value": 0.93,
      "unit": "€/l"
    },
    "productPriceWithLoyaltyCard": null,
    "productPricePerUnitWithLoyaltyCard": null,
    "imageUrl": "https://rimibaltic-res.cloudinary.com/image/upload/d_ecommerce:backend-fallback.png/MAT_112844_PCE_LV",
    "available": true,
    "discount": null
  },
  {
    "shop": "RIMI",
    "categories": [
      1,
      1002,
      10010021
    ],
    "productName": "Gāz. dzēr. Enjoy citrons laims piparm. 1.5l",
    "productPriceOld": null,
    "productPrice": {
      "value": 1.69,
      "unit": "€/gab"
    },
    "productPricePerUnit": {
      "value": 1.13,
      "unit": "€/l"
    },
    "productPriceWithLoyaltyCard": {
      "value": 1.39,
      "unit": "€"
    },
    "productPricePerUnitWithLoyaltyCard": {
      "value": 0.93,
      "unit": "€/l"
    },
    "imageUrl": "https://rimibaltic-res.cloudinary.com/image/upload/d_ecommerce:backend-fallback.png/MAT_1355561_PCE_LV",
    "available": true,
    "discount": 18
  },
  {
    "shop": "RIMI",
    "categories": [
      1,
      1003,
      1003005
    ],
    "productName": "Gāzēts bezalk. dzēr. Tērvete mango 1,5l",
    "productPriceOld": null,
    "productPrice": {
      "value": 1.39,
      "unit": "€/gab"
    },
    "productPricePerUnit": {
      "value": 0.93,
      "unit": "€/l"
    },
    "productPriceWithLoyaltyCard": null,
    "productPricePerUnitWithLoyaltyCard": null,
    "imageUrl": "https://rimibaltic-res.cloudinary.com/image/upload/d_ecommerce:backend-fallback.png/MAT_1366256_PCE_LV",
    "available": true,
    "discount": null
  },
  {
    "shop": "RIMI",
    "categories": [
      1,
      1003,
      1003005
    ],
    "productName": "Gāz. bezalk. dzēr. Tērvete citrona-laima 1,5l",
    "productPriceOld": null,
    "productPrice": {
      "value": 1.39,
      "unit": "€/gab"
    },
    "productPricePerUnit": {
      "value": 0.93,
      "unit": "€/l"
    },
    "productPriceWithLoyaltyCard": null,
    "productPricePerUnitWithLoyaltyCard": null,
    "imageUrl": "https://rimibaltic-res.cloudinary.com/image/upload/d_ecommerce:backend-fallback.png/MAT_1366264_PCE_LV",
    "available": true,
    "discount": null
  },
  {
    "shop": "MAXIMA",
    "categories": [
      1,
      1002,
      10010024
    ],
    "productName": "Minerālūdens MAGNESIA negāzēts 1,5L D",
    "productPriceOld": null,
    "productPrice": {
      "value": 1.39,
      "unit": "€"
    },
    "productPricePerUnit": {
      "value": 0.93,
      "unit": "€/l"
    },
    "productPriceWithLoyaltyCard": null,
    "productPricePerUnitWithLoyaltyCard": null,
    "imageUrl": "https://cdn.barbora.lv/products/3dae5dc2-873b-4033-b761-3272626bc94e_s.png",
    "available": true,
    "discount": null
  },
  {
    "shop": "MAXIMA",
    "categories": [
      1,
      1002,
      10010024
    ],
    "productName": "Dz.ūdens TĒRVETE ar mango g. gāz. 1,5L D",
    "productPriceOld": null,
    "productPrice": {
      "value": 1.39,
      "unit": "€"
    },
    "productPricePerUnit": {
      "value": 0.93,
      "unit": "€/l"
    },
    "productPriceWithLoyaltyCard": null,
    "productPricePerUnitWithLoyaltyCard": null,
    "imageUrl": "https://cdn.barbora.lv/products/5841ba5b-89c6-4d48-8eeb-c68b2b6456e8_s.png",
    "available": true,
    "discount": null
  },
  {
    "shop": "MAXIMA",
    "categories": [
      1,
      1002,
      10010024
    ],
    "productName": "Minerālūdens MAGNESIA gāzēts 1,5L D",
    "productPriceOld": null,
    "productPrice": {
      "value": 1.39,
      "unit": "€"
    },
    "productPricePerUnit": {
      "value": 0.93,
      "unit": "€/l"
    },
    "productPriceWithLoyaltyCard": null,
    "productPricePerUnitWithLoyaltyCard": null,
    "imageUrl": "https://cdn.barbora.lv/products/d8f214a6-fe79-479c-b944-f4d5fc4ecdf7_s.png",
    "available": true,
    "discount": null
  },
  {
    "shop": "MAXIMA",
    "categories": [
      1,
      1002,
      10010027
    ],
    "productName": "Dz.ūd. TĒRVETE citr.-laima g.gāz. 1,5L D",
    "productPriceOld": null,
    "productPrice": {
      "value": 1.39,
      "unit": "€"
    },
    "productPricePerUnit": {
      "value": 0.93,
      "unit": "€/l"
    },
    "productPriceWithLoyaltyCard": null,
    "productPricePerUnitWithLoyaltyCard": null,
    "imageUrl": "https://cdn.barbora.lv/products/16e98821-afd5-4584-bb5d-86ca4600ec72_s.png",
    "available": true,
    "discount": null
  },
  {
    "shop": "MAXIMA",
    "categories": [
      1,
      1002,
      10010021
    ],
    "productName": "Gāzēts dzēr. FANTASTIKA citronu 1,5L D",
    "productPriceOld": null,
    "productPrice": {
      "value": 1.39,
      "unit": "€"
    },
    "productPricePerUnit": {
      "value": 0.93,
      "unit": "€/l"
    },
    "productPriceWithLoyaltyCard": null,
    "productPricePerUnitWithLoyaltyCard": null,
    "imageUrl": "https://cdn.barbora.lv/products/f89db7fb-6b1e-475b-8fc5-8ee4c281476a_s.png",
    "available": true,
    "discount": null
  },
  {
    "shop": "MAXIMA",
    "categories": [
      1,
      1002,
      10010021
    ],
    "productName": "Gāzēts dzēr. FANTASTIKA apelsīnu 1,5L D",
    "productPriceOld": null,
    "productPrice": {
      "value": 1.39,
      "unit": "€"
    },
    "productPricePerUnit": {
      "value": 0.93,
      "unit": "€/l"
    },
    "productPriceWithLoyaltyCard": null,
    "productPricePerUnitWithLoyaltyCard": null,
    "imageUrl": "https://cdn.barbora.lv/products/22b25905-e8e3-4ce1-889f-c0e25ba89380_s.png",
    "available": true,
    "discount": null
  },
  {
    "shop": "CITRO",
    "categories": [
      1,
      1002,
      10010021
    ],
    "productName": "LIMONĀDE KLASISKA BEZ CUKURA 1.5L",
    "productPriceOld": null,
    "productPrice": null,
    "productPricePerUnit": {
      "value": 0.93,
      "unit": "€/L"
    },
    "productPriceWithLoyaltyCard": null,
    "productPricePerUnitWithLoyaltyCard": null,
    "imageUrl": "https://rezekne.citro.lv/wp-content/uploads/2025/02/4750142007622-300x300.jpg",
    "available": true,
    "discount": null
  },
  {
    "shop": "CITRO",
    "categories": [
      1,
      1002,
      10010021
    ],
    "productName": "LIMONĀDE ZVANIŅŠ 1.5L",
    "productPriceOld": null,
    "productPrice": null,
    "productPricePerUnit": {
      "value": 0.93,
      "unit": "€/L"
    },
    "productPriceWithLoyaltyCard": null,
    "productPricePerUnitWithLoyaltyCard": null,
    "imageUrl": "https://rezekne.citro.lv/wp-content/uploads/2024/09/4750142006915-300x300.jpg",
    "available": true,
    "discount": null
  },
  {
    "shop": "CITRO",
    "categories": [
      1,
      1002,
      10010026
    ],
    "productName": "TĒJA LEDUS CIDO ZAĻĀ AR PERSIKU 1.5L",
    "productPriceOld": null,
    "productPrice": null,
    "productPricePerUnit": {
      "value": 0.93,
      "unit": "€/L"
    },
    "productPriceWithLoyaltyCard": null,
    "productPricePerUnitWithLoyaltyCard": null,
    "imageUrl": "https://rezekne.citro.lv/wp-content/uploads/2022/03/4750042002208-300x300.jpg",
    "available": true,
    "discount": null
  },
  {
    "shop": "RIMI",
    "categories": [
      1,
      1002,
      10010021
    ],
    "productName": "Gāzēts dzēriens Coca Cola 2l",
    "productPriceOld": null,
    "productPrice": {
      "value": 2.99,
      "unit": "€/gab"
    },
    "productPricePerUnit": {
      "value": 1.5,
      "unit": "€/l"
    },
    "productPriceWithLoyaltyCard": {
      "value": 1.89,
      "unit": "€"
    },
    "productPricePerUnitWithLoyaltyCard": {
      "value": 0.95,
      "unit": "€/l"
    },
    "imageUrl": "https://rimibaltic-res.cloudinary.com/image/upload/d_ecommerce:backend-fallback.png/MAT_1353351_PCE_LV",
    "available": true,
    "discount": 37
  },
  {
    "shop": "RIMI",
    "categories": [
      1,
      1002,
      10010021
    ],
    "productName": "Gāzet. dzēr. Coca-Cola zero ar saldinātāju 2l",
    "productPriceOld": null,
    "productPrice": {
      "value": 2.99,
      "unit": "€/gab"
    },
    "productPricePerUnit": {
      "value": 1.5,
      "unit": "€/l"
    },
    "productPriceWithLoyaltyCard": {
      "value": 1.89,
      "unit": "€"
    },
    "productPricePerUnitWithLoyaltyCard": {
      "value": 0.95,
      "unit": "€/l"
    },
    "imageUrl": "https://rimibaltic-res.cloudinary.com/image/upload/d_ecommerce:backend-fallback.png/MAT_1353153_PCE_LV",
    "available": true,
    "discount": 37
  },
  {
    "shop": "RIMI",
    "categories": [
      1,
      1002,
      10010021
    ],
    "productName": "Gāzēts dzēriens Sprite 2l",
    "productPriceOld": null,
    "productPrice": {
      "value": 2.99,
      "unit": "€/gab"
    },
    "productPricePerUnit": {
      "value": 1.5,
      "unit": "€/l"
    },
    "productPriceWithLoyaltyCard": {
      "value": 1.89,
      "unit": "€"
    },
    "productPricePerUnitWithLoyaltyCard": {
      "value": 0.95,
      "unit": "€/l"
    },
    "imageUrl": "https://rimibaltic-res.cloudinary.com/image/upload/d_ecommerce:backend-fallback.png/MAT_1367112_PCE_LV",
    "available": true,
    "discount": 37
  },
  {
    "shop": "RIMI",
    "categories": [
      1,
      1002,
      10010021
    ],
    "productName": "Gāzēts dzēriens Fanta 2l",
    "productPriceOld": null,
    "productPrice": {
      "value": 2.99,
      "unit": "€/gab"
    },
    "productPricePerUnit": {
      "value": 1.5,
      "unit": "€/l"
    },
    "productPriceWithLoyaltyCard": {
      "value": 1.89,
      "unit": "€"
    },
    "productPricePerUnitWithLoyaltyCard": {
      "value": 0.95,
      "unit": "€/l"
    },
    "imageUrl": "https://rimibaltic-res.cloudinary.com/image/upload/d_ecommerce:backend-fallback.png/MAT_1352600_PCE_LV",
    "available": true,
    "discount": 37
  },
  {
    "shop": "MAXIMA",
    "categories": [
      1,
      1002,
      10010020
    ],
    "productName": "Sula tomātu MIO&RIO 1L",
    "productPriceOld": null,
    "productPrice": {
      "value": 0.97,
      "unit": "€"
    },
    "productPricePerUnit": {
      "value": 0.97,
      "unit": "€/l"
    },
    "productPriceWithLoyaltyCard": null,
    "productPricePerUnitWithLoyaltyCard": null,
    "imageUrl": "https://cdn.barbora.lv/products/8d39736e-0f6f-4fee-9d79-53b9a36024d7_s.png",
    "available": true,
    "discount": null
  },
  {
    "shop": "RIMI",
    "categories": [
      1,
      1002,
      10010024
    ],
    "productName": "Dzeramais ūdens Tērvete negāzēts 0,5l",
    "productPriceOld": null,
    "productPrice": {
      "value": 0.75,
      "unit": "€/gab"
    },
    "productPricePerUnit": {
      "value": 1.5,
      "unit": "€/l"
    },
    "productPriceWithLoyaltyCard": {
      "value": 0.49,
      "unit": "€"
    },
    "productPricePerUnitWithLoyaltyCard": {
      "value": 0.98,
      "unit": "€/l"
    },
    "imageUrl": "https://rimibaltic-res.cloudinary.com/image/upload/d_ecommerce:backend-fallback.png/MAT_1368567_PCE_LV",
    "available": true,
    "discount": 35
  },
  {
    "shop": "RIMI",
    "categories": [
      1,
      1002,
      10010024
    ],
    "productName": "Dzeramais ūdens Tērvete gāzēts 0,5l",
    "productPriceOld": null,
    "productPrice": {
      "value": 0.75,
      "unit": "€/gab"
    },
    "productPricePerUnit": {
      "value": 1.5,
      "unit": "€/l"
    },
    "productPriceWithLoyaltyCard": {
      "value": 0.49,
      "unit": "€"
    },
    "productPricePerUnitWithLoyaltyCard": {
      "value": 0.98,
      "unit": "€/l"
    },
    "imageUrl": "https://rimibaltic-res.cloudinary.com/image/upload/d_ecommerce:backend-fallback.png/MAT_1368568_PCE_LV",
    "available": true,
    "discount": 35
  },
  {
    "shop": "CITRO",
    "categories": [
      1,
      1002,
      10010023
    ],
    "productName": "KVASS ULMAŅLAIKU 2L CĒSU ALUS",
    "productPriceOld": null,
    "productPrice": null,
    "productPricePerUnit": {
      "value": 0.98,
      "unit": "€/L"
    },
    "productPriceWithLoyaltyCard": null,
    "productPricePerUnitWithLoyaltyCard": null,
    "imageUrl": "https://rezekne.citro.lv/wp-content/uploads/2022/03/4750142005581-300x300.jpg",
    "available": true,
    "discount": null
  },
  {
    "shop": "RIMI",
    "categories": [
      1,
      1002,
      10010021
    ],
    "productName": "Gāzēts dzēriens toniks Rimi 1,5l",
    "productPriceOld": null,
    "productPrice": {
      "value": 1.49,
      "unit": "€/gab"
    },
    "productPricePerUnit": {
      "value": 0.99,
      "unit": "€/l"
    },
    "productPriceWithLoyaltyCard": null,
    "productPricePerUnitWithLoyaltyCard": null,
    "imageUrl": "https://rimibaltic-res.cloudinary.com/image/upload/d_ecommerce:backend-fallback.png/MAT_1360064_PCE_LV",
    "available": true,
    "discount": null
  },
  {
    "shop": "RIMI",
    "categories": [
      1,
      1002,
      10010021
    ],
    "productName": "Gāz.dzēriens Pepsi Cola 1L",
    "productPriceOld": null,
    "productPrice": {
      "value": 1.79,
      "unit": "€/gab"
    },
    "productPricePerUnit": {
      "value": 1.79,
      "unit": "€/l"
    },
    "productPriceWithLoyaltyCard": {
      "value": 0.99,
      "unit": "€"
    },
    "productPricePerUnitWithLoyaltyCard": {
      "value": 0.99,
      "unit": "€/l"
    },
    "imageUrl": "https://rimibaltic-res.cloudinary.com/image/upload/d_ecommerce:backend-fallback.png/MAT_1360359_PCE_LV",
    "available": true,
    "discount": 45
  },
  {
    "shop": "RIMI",
    "categories": [
      1,
      1002,
      10010021
    ],
    "productName": "Dzēriens Rimi Pink Tonic gāzēts 1,5l",
    "productPriceOld": null,
    "productPrice": {
      "value": 1.49,
      "unit": "€/gab"
    },
    "productPricePerUnit": {
      "value": 0.99,
      "unit": "€/l"
    },
    "productPriceWithLoyaltyCard": null,
    "productPricePerUnitWithLoyaltyCard": null,
    "imageUrl": "https://rimibaltic-res.cloudinary.com/image/upload/d_ecommerce:backend-fallback.png/MAT_1374801_PCE_LV",
    "available": true,
    "discount": null
  },
  {
    "shop": "RIMI",
    "categories": [
      1,
      1002,
      10010021
    ],
    "productName": "Gāz.dz. Pepsi Cola Max bez cuk.,ar saldin. 1l",
    "productPriceOld": null,
    "productPrice": {
      "value": 1.79,
      "unit": "€/gab"
    },
    "productPricePerUnit": {
      "value": 1.79,
      "unit": "€/l"
    },
    "productPriceWithLoyaltyCard": {
      "value": 0.99,
      "unit": "€"
    },
    "productPricePerUnitWithLoyaltyCard": {
      "value": 0.99,
      "unit": "€/l"
    },
    "imageUrl": "https://rimibaltic-res.cloudinary.com/image/upload/d_ecommerce:backend-fallback.png/MAT_1370805_PCE_LV",
    "available": true,
    "discount": 45
  },
  {
    "shop": "RIMI",
    "categories": [
      1,
      1002,
      10010024
    ],
    "productName": "Ūdens Everest gāzēts ar cit., laima gar. 1,5l",
    "productPriceOld": null,
    "productPrice": {
      "value": 1.49,
      "unit": "€/gab"
    },
    "productPricePerUnit": {
      "value": 0.99,
      "unit": "€/l"
    },
    "productPriceWithLoyaltyCard": null,
    "productPricePerUnitWithLoyaltyCard": null,
    "imageUrl": "https://rimibaltic-res.cloudinary.com/image/upload/d_ecommerce:backend-fallback.png/MAT_1373999_PCE_LV",
    "available": true,
    "discount": null
  },
  {
    "shop": "RIMI",
    "categories": [
      1,
      1002,
      10010024
    ],
    "productName": "Ūdens Everest gāzēts ar piparmētru garšu 1,5l",
    "productPriceOld": null,
    "productPrice": {
      "value": 1.49,
      "unit": "€/gab"
    },
    "productPricePerUnit": {
      "value": 0.99,
      "unit": "€/l"
    },
    "productPriceWithLoyaltyCard": null,
    "productPricePerUnitWithLoyaltyCard": null,
    "imageUrl": "https://rimibaltic-res.cloudinary.com/image/upload/d_ecommerce:backend-fallback.png/MAT_1374011_PCE_LV",
    "available": true,
    "discount": null
  },
  {
    "shop": "MAXIMA",
    "categories": [
      1,
      1002,
      10010024
    ],
    "productName": "Minerālūdens S.PELLEGRINO gāzēts 1L D",
    "productPriceOld": {
      "value": 1.46,
      "unit": "€"
    },
    "productPrice": {
      "value": 1.46,
      "unit": "€"
    },
    "productPricePerUnit": {
      "value": 1.46,
      "unit": "€/l"
    },
    "productPriceWithLoyaltyCard": {
      "value": 0.99,
      "unit": "€"
    },
    "productPricePerUnitWithLoyaltyCard": {
      "value": 0.99,
      "unit": "€/l"
    },
    "imageUrl": "https://cdn.barbora.lv/products/0ef941e7-3652-436a-ad8e-9909eaeae84f_s.png",
    "available": true,
    "discount": 32
  },
  {
    "shop": "MAXIMA",
    "categories": [
      1,
      1002,
      10010024
    ],
    "productName": "Gāzēts ūdens MANGAĻI PLUS ar minerālvielām 1L D",
    "productPriceOld": null,
    "productPrice": {
      "value": 0.99,
      "unit": "€"
    },
    "productPricePerUnit": {
      "value": 0.99,
      "unit": "€/l"
    },
    "productPriceWithLoyaltyCard": null,
    "productPricePerUnitWithLoyaltyCard": null,
    "imageUrl": "https://cdn.barbora.lv/products/d7384256-e2c8-4c5f-ac16-b2cdd744714b_s.png",
    "available": true,
    "discount": null
  },
  {
    "shop": "MAXIMA",
    "categories": [
      1,
      1002,
      10010021
    ],
    "productName": "Gāzēts dzēriens COCA-COLA 1L PET D",
    "productPriceOld": {
      "value": 1.89,
      "unit": "€"
    },
    "productPrice": {
      "value": 1.89,
      "unit": "€"
    },
    "productPricePerUnit": {
      "value": 1.89,
      "unit": "€/l"
    },
    "productPriceWithLoyaltyCard": {
      "value": 0.99,
      "unit": "€"
    },
    "productPricePerUnitWithLoyaltyCard": {
      "value": 0.99,
      "unit": "€/l"
    },
    "imageUrl": "https://cdn.barbora.lv/products/355edad1-258e-41cd-ba63-b7c246a06132_s.png",
    "available": true,
    "discount": 48
  },
  {
    "shop": "MAXIMA",
    "categories": [
      1,
      1002,
      10010021
    ],
    "productName": "Gāzēts dzēriens COCA-COLA ZERO 1L PET D",
    "productPriceOld": {
      "value": 1.89,
      "unit": "€"
    },
    "productPrice": {
      "value": 1.89,
      "unit": "€"
    },
    "productPricePerUnit": {
      "value": 1.89,
      "unit": "€/l"
    },
    "productPriceWithLoyaltyCard": {
      "value": 0.99,
      "unit": "€"
    },
    "productPricePerUnitWithLoyaltyCard": {
      "value": 0.99,
      "unit": "€/l"
    },
    "imageUrl": "https://cdn.barbora.lv/products/5eb3cdd7-fd41-463c-8278-d7d68a500eb1_s.png",
    "available": true,
    "discount": 48
  },
  {
    "shop": "MAXIMA",
    "categories": [
      1,
      1002,
      10010021
    ],
    "productName": "Gāzēts dzēriens FANTA 1L PET D",
    "productPriceOld": {
      "value": 1.89,
      "unit": "€"
    },
    "productPrice": {
      "value": 1.89,
      "unit": "€"
    },
    "productPricePerUnit": {
      "value": 1.89,
      "unit": "€/l"
    },
    "productPriceWithLoyaltyCard": {
      "value": 0.99,
      "unit": "€"
    },
    "productPricePerUnitWithLoyaltyCard": {
      "value": 0.99,
      "unit": "€/l"
    },
    "imageUrl": "https://cdn.barbora.lv/products/7a2fafdb-e454-44fd-ba52-df7e17b26ff6_s.png",
    "available": true,
    "discount": 48
  },
  {
    "shop": "MAXIMA",
    "categories": [
      1,
      1002,
      10010021
    ],
    "productName": "Gāzēts dzēriens SPRITE 1L PET D",
    "productPriceOld": {
      "value": 1.89,
      "unit": "€"
    },
    "productPrice": {
      "value": 1.89,
      "unit": "€"
    },
    "productPricePerUnit": {
      "value": 1.89,
      "unit": "€/l"
    },
    "productPriceWithLoyaltyCard": {
      "value": 0.99,
      "unit": "€"
    },
    "productPricePerUnitWithLoyaltyCard": {
      "value": 0.99,
      "unit": "€/l"
    },
    "imageUrl": "https://cdn.barbora.lv/products/f5ebac8b-a738-4588-950c-efbcd8ec6f2b_s.png",
    "available": true,
    "discount": 48
  },
  {
    "shop": "MAXIMA",
    "categories": [
      1,
      1002,
      10010021
    ],
    "productName": "Gāz.dz.SELITA Klasika Tarhūns 1,5L D",
    "productPriceOld": null,
    "productPrice": {
      "value": 1.48,
      "unit": "€"
    },
    "productPricePerUnit": {
      "value": 0.99,
      "unit": "€/l"
    },
    "productPriceWithLoyaltyCard": null,
    "productPricePerUnitWithLoyaltyCard": null,
    "imageUrl": "https://cdn.barbora.lv/products/a7e036dc-f5cc-4811-a241-3614fb129e33_s.png",
    "available": true,
    "discount": null
  },
  {
    "shop": "MAXIMA",
    "categories": [
      1,
      1002,
      10010021
    ],
    "productName": "Gāz.dz.SELITA Klasika Baikāls 1,5L D",
    "productPriceOld": null,
    "productPrice": {
      "value": 1.48,
      "unit": "€"
    },
    "productPricePerUnit": {
      "value": 0.99,
      "unit": "€/l"
    },
    "productPriceWithLoyaltyCard": null,
    "productPricePerUnitWithLoyaltyCard": null,
    "imageUrl": "https://cdn.barbora.lv/products/e8471820-76ac-491c-b636-5079ec603548_s.png",
    "available": true,
    "discount": null
  },
  {
    "shop": "MAXIMA",
    "categories": [
      1,
      1002,
      10010026
    ],
    "productName": "Ledus tēja CIDO melnā ar persiku garšu 1,5L D",
    "productPriceOld": null,
    "productPrice": {
      "value": 1.49,
      "unit": "€"
    },
    "productPricePerUnit": {
      "value": 0.99,
      "unit": "€/l"
    },
    "productPriceWithLoyaltyCard": null,
    "productPricePerUnitWithLoyaltyCard": null,
    "imageUrl": "https://cdn.barbora.lv/products/5d6e4865-ee41-4d59-84eb-c017ad3f7699_s.png",
    "available": true,
    "discount": null
  },
  {
    "shop": "MAXIMA",
    "categories": [
      1,
      1002,
      10010021
    ],
    "productName": "Gāz.dzēriens SELITA Klasika mango 1,5L D",
    "productPriceOld": null,
    "productPrice": {
      "value": 1.48,
      "unit": "€"
    },
    "productPricePerUnit": {
      "value": 0.99,
      "unit": "€/l"
    },
    "productPriceWithLoyaltyCard": null,
    "productPricePerUnitWithLoyaltyCard": null,
    "imageUrl": "https://cdn.barbora.lv/products/b6d66ba2-ebbc-4194-9c02-5c3b20d12857_s.png",
    "available": true,
    "discount": null
  },
  {
    "shop": "MAXIMA",
    "categories": [
      1,
      1002,
      10010020
    ],
    "productName": "Sulas dzēriens multiaugļu MIO&RIO 1L",
    "productPriceOld": null,
    "productPrice": {
      "value": 0.99,
      "unit": "€"
    },
    "productPricePerUnit": {
      "value": 0.99,
      "unit": "€/l"
    },
    "productPriceWithLoyaltyCard": null,
    "productPricePerUnitWithLoyaltyCard": null,
    "imageUrl": "https://cdn.barbora.lv/products/4100468d-fb43-4d5a-9d51-0752d2784983_s.png",
    "available": true,
    "discount": null
  },
  {
    "shop": "CITRO",
    "categories": [
      1,
      1002,
      10010027
    ],
    "productName": "DZĒRIENS NJOY CITRONU ZEMEŅU 1.5L",
    "productPriceOld": null,
    "productPrice": null,
    "productPricePerUnit": {
      "value": 0.99,
      "unit": "€/L"
    },
    "productPriceWithLoyaltyCard": null,
    "productPricePerUnitWithLoyaltyCard": null,
    "imageUrl": "https://rezekne.citro.lv/wp-content/uploads/2022/05/4750042001799-300x300.jpg",
    "available": true,
    "discount": null
  },
  {
    "shop": "CITRO",
    "categories": [
      1,
      1002,
      10010027
    ],
    "productName": "DZĒRIENS MANGAĻI VITAFRUIT AR CITRUSA GARŠU GĀZĒTS 1.5L",
    "productPriceOld": null,
    "productPrice": null,
    "productPricePerUnit": {
      "value": 0.99,
      "unit": "€/L"
    },
    "productPriceWithLoyaltyCard": null,
    "productPricePerUnitWithLoyaltyCard": null,
    "imageUrl": "https://rezekne.citro.lv/wp-content/uploads/2022/05/4750042001928-300x300.jpg",
    "available": true,
    "discount": null
  },
  {
    "shop": "CITRO",
    "categories": [
      1,
      1002,
      10010027
    ],
    "productName": "DZĒRIENS NJOI CITRONU LAIMA PIPARMĒTRU 1.5L",
    "productPriceOld": null,
    "productPrice": null,
    "productPricePerUnit": {
      "value": 0.99,
      "unit": "€/L"
    },
    "productPriceWithLoyaltyCard": null,
    "productPricePerUnitWithLoyaltyCard": null,
    "imageUrl": "https://rezekne.citro.lv/wp-content/uploads/2022/05/4750042001768-300x300.jpg",
    "available": true,
    "discount": null
  },
  {
    "shop": "CITRO",
    "categories": [
      1,
      1002,
      10010021
    ],
    "productName": "SUN SET LIMONĀDE TONIKS 1.5L",
    "productPriceOld": null,
    "productPrice": null,
    "productPricePerUnit": {
      "value": 0.99,
      "unit": "€/L"
    },
    "productPriceWithLoyaltyCard": null,
    "productPricePerUnitWithLoyaltyCard": null,
    "imageUrl": "https://rezekne.citro.lv/wp-content/uploads/2022/05/4750042002239-300x300.jpg",
    "available": true,
    "discount": null
  },
  {
    "shop": "RIMI",
    "categories": [
      1,
      1002,
      10010024
    ],
    "productName": "Min. ūd. Venden sporta dabīgs, negāzēts 0,75l",
    "productPriceOld": null,
    "productPrice": {
      "value": 0.75,
      "unit": "€/gab"
    },
    "productPricePerUnit": {
      "value": 1,
      "unit": "€/l"
    },
    "productPriceWithLoyaltyCard": null,
    "productPricePerUnitWithLoyaltyCard": null,
    "imageUrl": "https://rimibaltic-res.cloudinary.com/image/upload/d_ecommerce:backend-fallback.png/MAT_1355250_PCE_LV",
    "available": true,
    "discount": null
  },
  {
    "shop": "RIMI",
    "categories": [
      1,
      1002,
      10010024
    ],
    "productName": "Ūdens Everest Sport, negāzēts 0,75l",
    "productPriceOld": null,
    "productPrice": {
      "value": 0.75,
      "unit": "€/gab"
    },
    "productPricePerUnit": {
      "value": 1,
      "unit": "€/l"
    },
    "productPriceWithLoyaltyCard": null,
    "productPricePerUnitWithLoyaltyCard": null,
    "imageUrl": "https://rimibaltic-res.cloudinary.com/image/upload/d_ecommerce:backend-fallback.png/MAT_1370154_PCE_LV",
    "available": true,
    "discount": null
  },
  {
    "shop": "MAXIMA",
    "categories": [
      1,
      1002,
      10010024
    ],
    "productName": "Dab.minerālūdens VENDEN negāzēts 750ml D",
    "productPriceOld": null,
    "productPrice": {
      "value": 0.75,
      "unit": "€"
    },
    "productPricePerUnit": {
      "value": 1,
      "unit": "€/l"
    },
    "productPriceWithLoyaltyCard": null,
    "productPricePerUnitWithLoyaltyCard": null,
    "imageUrl": "https://cdn.barbora.lv/products/de9f0d4d-1adb-4f38-98eb-81a47202826b_s.png",
    "available": true,
    "discount": null
  },
  {
    "shop": "CITRO",
    "categories": [
      1,
      1002,
      10010020
    ],
    "productName": "CAPRIO SULA ĀBOLU 2L",
    "productPriceOld": null,
    "productPrice": null,
    "productPricePerUnit": {
      "value": 1,
      "unit": "€/L"
    },
    "productPriceWithLoyaltyCard": null,
    "productPricePerUnitWithLoyaltyCard": null,
    "imageUrl": "https://rezekne.citro.lv/wp-content/uploads/2020/12/5900334013545-300x300.jpg",
    "available": true,
    "discount": null
  },
  {
    "shop": "CITRO",
    "categories": [
      1,
      1002,
      10010023
    ],
    "productName": "KVASS TĒRVETES GODU 1.5L PET",
    "productPriceOld": {
      "value": 1.75,
      "unit": "€"
    },
    "productPrice": {
      "value": 1.55,
      "unit": "€"
    },
    "productPricePerUnit": {
      "value": 1.03,
      "unit": "€/L"
    },
    "productPriceWithLoyaltyCard": null,
    "productPricePerUnitWithLoyaltyCard": null,
    "imageUrl": "https://rezekne.citro.lv/wp-content/uploads/2024/09/4750440000790-300x300.jpg",
    "available": true,
    "discount": 11
  },
  {
    "shop": "CITRO",
    "categories": [
      1,
      1002,
      10010023
    ],
    "productName": "KVASS TĒRVETES GODU 1.5L PET",
    "productPriceOld": {
      "value": 1.75,
      "unit": "€"
    },
    "productPrice": {
      "value": 1.55,
      "unit": "€"
    },
    "productPricePerUnit": {
      "value": 1.03,
      "unit": "€/L"
    },
    "productPriceWithLoyaltyCard": null,
    "productPricePerUnitWithLoyaltyCard": null,
    "imageUrl": "https://rezekne.citro.lv/wp-content/uploads/2024/09/4750440000790-300x300.jpg",
    "available": true,
    "discount": 11
  },
  {
    "shop": "MAXIMA",
    "categories": [
      1,
      1002,
      10010021
    ],
    "productName": "Gāzēts dzēriens COCA-COLA 2L PET D",
    "productPriceOld": {
      "value": 2.99,
      "unit": "€"
    },
    "productPrice": {
      "value": 2.09,
      "unit": "€"
    },
    "productPricePerUnit": {
      "value": 1.05,
      "unit": "€/l"
    },
    "productPriceWithLoyaltyCard": null,
    "productPricePerUnitWithLoyaltyCard": null,
    "imageUrl": "https://cdn.barbora.lv/products/16e0e4ae-8a1a-438b-a7a9-8b90ded7ad5d_s.png",
    "available": true,
    "discount": 30
  },
  {
    "shop": "MAXIMA",
    "categories": [
      1,
      1002,
      10010021
    ],
    "productName": "Gāzēts dzēriens COCA-COLA ZERO 2L PET D",
    "productPriceOld": {
      "value": 2.99,
      "unit": "€"
    },
    "productPrice": {
      "value": 2.09,
      "unit": "€"
    },
    "productPricePerUnit": {
      "value": 1.05,
      "unit": "€/l"
    },
    "productPriceWithLoyaltyCard": null,
    "productPricePerUnitWithLoyaltyCard": null,
    "imageUrl": "https://cdn.barbora.lv/products/3b3e2f03-6e3b-41da-af1a-9cd72ab730f6_s.png",
    "available": true,
    "discount": 30
  },
  {
    "shop": "MAXIMA",
    "categories": [
      1,
      1002,
      10010021
    ],
    "productName": "Gāzēts dzēriens SPRITE 2L PET D",
    "productPriceOld": {
      "value": 2.99,
      "unit": "€"
    },
    "productPrice": {
      "value": 2.09,
      "unit": "€"
    },
    "productPricePerUnit": {
      "value": 1.05,
      "unit": "€/l"
    },
    "productPriceWithLoyaltyCard": null,
    "productPricePerUnitWithLoyaltyCard": null,
    "imageUrl": "https://cdn.barbora.lv/products/221736fb-b11a-4215-977e-20b41c33c9a7_s.png",
    "available": true,
    "discount": 30
  },
  {
    "shop": "MAXIMA",
    "categories": [
      1,
      1002,
      10010021
    ],
    "productName": "Gāzēts dzēriens FANTA ORANGE 2L PET D",
    "productPriceOld": {
      "value": 2.99,
      "unit": "€"
    },
    "productPrice": {
      "value": 2.09,
      "unit": "€"
    },
    "productPricePerUnit": {
      "value": 1.05,
      "unit": "€/l"
    },
    "productPriceWithLoyaltyCard": null,
    "productPricePerUnitWithLoyaltyCard": null,
    "imageUrl": "https://cdn.barbora.lv/products/401374a6-346f-46c3-9a02-17bca086cd6f_s.png",
    "available": true,
    "discount": 30
  },
  {
    "shop": "MAXIMA",
    "categories": [
      1,
      1002,
      10010021
    ],
    "productName": "Gāz.dzēr. LIMONĀDE LIMPO zemeņu 1,5L D",
    "productPriceOld": null,
    "productPrice": {
      "value": 1.57,
      "unit": "€"
    },
    "productPricePerUnit": {
      "value": 1.05,
      "unit": "€/l"
    },
    "productPriceWithLoyaltyCard": null,
    "productPricePerUnitWithLoyaltyCard": null,
    "imageUrl": "https://cdn.barbora.lv/products/f1592864-5efb-4365-bfec-1ec467fb9124_s.png",
    "available": true,
    "discount": null
  },
  {
    "shop": "RIMI",
    "categories": [
      1,
      1002,
      10010023
    ],
    "productName": "Kvass Tērvete Godu 1,5l",
    "productPriceOld": null,
    "productPrice": {
      "value": 1.99,
      "unit": "€/gab"
    },
    "productPricePerUnit": {
      "value": 1.33,
      "unit": "€/l"
    },
    "productPriceWithLoyaltyCard": {
      "value": 1.59,
      "unit": "€"
    },
    "productPricePerUnitWithLoyaltyCard": {
      "value": 1.06,
      "unit": "€/l"
    },
    "imageUrl": "https://rimibaltic-res.cloudinary.com/image/upload/d_ecommerce:backend-fallback.png/MAT_177845_PCE_LV",
    "available": true,
    "discount": 20
  },
  {
    "shop": "RIMI",
    "categories": [
      1,
      1002,
      10010026
    ],
    "productName": "Ledus tēja Nestea persiku 1,5l",
    "productPriceOld": null,
    "productPrice": {
      "value": 1.95,
      "unit": "€/gab"
    },
    "productPricePerUnit": {
      "value": 1.3,
      "unit": "€/l"
    },
    "productPriceWithLoyaltyCard": {
      "value": 1.59,
      "unit": "€"
    },
    "productPricePerUnitWithLoyaltyCard": {
      "value": 1.06,
      "unit": "€/l"
    },
    "imageUrl": "https://rimibaltic-res.cloudinary.com/image/upload/d_ecommerce:backend-fallback.png/MAT_1367056_PCE_LV",
    "available": true,
    "discount": 18
  },
  {
    "shop": "RIMI",
    "categories": [
      1,
      1002,
      10010026
    ],
    "productName": "Ledus tēja Nestea citronu 1,5l",
    "productPriceOld": null,
    "productPrice": {
      "value": 1.95,
      "unit": "€/gab"
    },
    "productPricePerUnit": {
      "value": 1.3,
      "unit": "€/l"
    },
    "productPriceWithLoyaltyCard": {
      "value": 1.59,
      "unit": "€"
    },
    "productPricePerUnitWithLoyaltyCard": {
      "value": 1.06,
      "unit": "€/l"
    },
    "imageUrl": "https://rimibaltic-res.cloudinary.com/image/upload/d_ecommerce:backend-fallback.png/MAT_1367066_PCE_LV",
    "available": true,
    "discount": 18
  },
  {
    "shop": "MAXIMA",
    "categories": [
      1,
      1002,
      10010020
    ],
    "productName": "Sula CIDO XL tomātu 100% 1,5L",
    "productPriceOld": {
      "value": 1.95,
      "unit": "€"
    },
    "productPrice": {
      "value": 1.95,
      "unit": "€"
    },
    "productPricePerUnit": {
      "value": 1.3,
      "unit": "€/l"
    },
    "productPriceWithLoyaltyCard": {
      "value": 1.59,
      "unit": "€"
    },
    "productPricePerUnitWithLoyaltyCard": {
      "value": 1.06,
      "unit": "€/l"
    },
    "imageUrl": "https://cdn.barbora.lv/products/d64de7dd-2208-4125-b571-e1bfd7fb8fc9_s.png",
    "available": true,
    "discount": 18
  },
  {
    "shop": "MAXIMA",
    "categories": [
      1,
      1002,
      10010020
    ],
    "productName": "Sulas dzēr. CIDO FRUTTO vasaras ogu 1,5L",
    "productPriceOld": {
      "value": 2.39,
      "unit": "€"
    },
    "productPrice": {
      "value": 2.39,
      "unit": "€"
    },
    "productPricePerUnit": {
      "value": 1.59,
      "unit": "€/l"
    },
    "productPriceWithLoyaltyCard": {
      "value": 1.59,
      "unit": "€"
    },
    "productPricePerUnitWithLoyaltyCard": {
      "value": 1.06,
      "unit": "€/l"
    },
    "imageUrl": "https://cdn.barbora.lv/products/1dec9a20-dbd0-4545-9f8f-1aa91133418b_s.png",
    "available": true,
    "discount": 33
  },
  {
    "shop": "MAXIMA",
    "categories": [
      1,
      1002,
      10010020
    ],
    "productName": "Sulas dzēr. CIDO FRUTTO dārza augļu 1,5L",
    "productPriceOld": {
      "value": 2.45,
      "unit": "€"
    },
    "productPrice": {
      "value": 2.45,
      "unit": "€"
    },
    "productPricePerUnit": {
      "value": 1.63,
      "unit": "€/l"
    },
    "productPriceWithLoyaltyCard": {
      "value": 1.59,
      "unit": "€"
    },
    "productPricePerUnitWithLoyaltyCard": {
      "value": 1.06,
      "unit": "€/l"
    },
    "imageUrl": "https://cdn.barbora.lv/products/3577bca4-d7d5-45d8-ad25-4904bf6c8e32_s.png",
    "available": true,
    "discount": 35
  },
  {
    "shop": "MAXIMA",
    "categories": [
      1,
      1002,
      10010020
    ],
    "productName": "Sulas dzēr. CIDO FRUTTO multiaugļu 1,5L",
    "productPriceOld": {
      "value": 2.35,
      "unit": "€"
    },
    "productPrice": {
      "value": 2.35,
      "unit": "€"
    },
    "productPricePerUnit": {
      "value": 1.57,
      "unit": "€/l"
    },
    "productPriceWithLoyaltyCard": {
      "value": 1.59,
      "unit": "€"
    },
    "productPricePerUnitWithLoyaltyCard": {
      "value": 1.06,
      "unit": "€/l"
    },
    "imageUrl": "https://cdn.barbora.lv/products/17ed6eda-b098-4cfd-9fa4-6cbb53f83a52_s.png",
    "available": true,
    "discount": 32
  },
  {
    "shop": "MAXIMA",
    "categories": [
      1,
      1002,
      10010020
    ],
    "productName": "Sulas dzēr. CIDO FRUTTO arb.meloņu 1,5L",
    "productPriceOld": {
      "value": 2.39,
      "unit": "€"
    },
    "productPrice": {
      "value": 2.39,
      "unit": "€"
    },
    "productPricePerUnit": {
      "value": 1.59,
      "unit": "€/l"
    },
    "productPriceWithLoyaltyCard": {
      "value": 1.59,
      "unit": "€"
    },
    "productPricePerUnitWithLoyaltyCard": {
      "value": 1.06,
      "unit": "€/l"
    },
    "imageUrl": "https://cdn.barbora.lv/products/ab068495-bfc3-49a2-ae7c-af0c6ea56ca4_s.png",
    "available": true,
    "discount": 33
  },
  {
    "shop": "MAXIMA",
    "categories": [
      1,
      1002,
      10010020
    ],
    "productName": "Nektārs CIDO FRUTTO ābolu 1,5L",
    "productPriceOld": {
      "value": 2.07,
      "unit": "€"
    },
    "productPrice": {
      "value": 2.07,
      "unit": "€"
    },
    "productPricePerUnit": {
      "value": 1.38,
      "unit": "€/l"
    },
    "productPriceWithLoyaltyCard": {
      "value": 1.59,
      "unit": "€"
    },
    "productPricePerUnitWithLoyaltyCard": {
      "value": 1.06,
      "unit": "€/l"
    },
    "imageUrl": "https://cdn.barbora.lv/products/51287b79-a3db-4e61-bbec-fdf597200b50_s.png",
    "available": true,
    "discount": 23
  },
  {
    "shop": "MAXIMA",
    "categories": [
      1,
      1002,
      10010020
    ],
    "productName": "Sulas dzēr. CIDO KIDS Tutti Frutti 1,5L",
    "productPriceOld": {
      "value": 2.69,
      "unit": "€"
    },
    "productPrice": {
      "value": 2.69,
      "unit": "€"
    },
    "productPricePerUnit": {
      "value": 1.79,
      "unit": "€/l"
    },
    "productPriceWithLoyaltyCard": {
      "value": 1.59,
      "unit": "€"
    },
    "productPricePerUnitWithLoyaltyCard": {
      "value": 1.06,
      "unit": "€/l"
    },
    "imageUrl": "https://cdn.barbora.lv/products/cae5bf81-0da8-4f58-8b3c-ef9ac2fdde54_s.png",
    "available": true,
    "discount": 41
  },
  {
    "shop": "MAXIMA",
    "categories": [
      1,
      1002,
      10010020
    ],
    "productName": "Sulas dzēr. CIDO KIDS Very Cherry 1,5L",
    "productPriceOld": {
      "value": 2.69,
      "unit": "€"
    },
    "productPrice": {
      "value": 2.69,
      "unit": "€"
    },
    "productPricePerUnit": {
      "value": 1.79,
      "unit": "€/l"
    },
    "productPriceWithLoyaltyCard": {
      "value": 1.59,
      "unit": "€"
    },
    "productPricePerUnitWithLoyaltyCard": {
      "value": 1.06,
      "unit": "€/l"
    },
    "imageUrl": "https://cdn.barbora.lv/products/19e3ae1c-c51d-452e-9572-5d34091abbf1_s.png",
    "available": true,
    "discount": 41
  },
  {
    "shop": "CITRO",
    "categories": [
      1,
      1002,
      10010024
    ],
    "productName": "ŪDENS VICHY FRESH ORANGE&MANGO 1.5L",
    "productPriceOld": null,
    "productPrice": null,
    "productPricePerUnit": {
      "value": 1.06,
      "unit": "€/L"
    },
    "productPriceWithLoyaltyCard": null,
    "productPricePerUnitWithLoyaltyCard": null,
    "imageUrl": "https://rezekne.citro.lv/wp-content/uploads/2022/05/4770349231460-300x300.jpg",
    "available": true,
    "discount": null
  },
  {
    "shop": "CITRO",
    "categories": [
      1,
      1002,
      10010024
    ],
    "productName": "ŪDENS DZERAMAIS VICHY VIVA FRESH LEMON-LIME 1.5L",
    "productPriceOld": null,
    "productPrice": null,
    "productPricePerUnit": {
      "value": 1.06,
      "unit": "€/L"
    },
    "productPriceWithLoyaltyCard": null,
    "productPricePerUnitWithLoyaltyCard": null,
    "imageUrl": "https://rezekne.citro.lv/wp-content/uploads/2022/04/4770349231484-300x300.jpg",
    "available": true,
    "discount": null
  },
  {
    "shop": "CITRO",
    "categories": [
      1,
      1002,
      10010024
    ],
    "productName": "ŪDENS DZERAMAIS VICHY FRESH STRAWBERRY 1.5L",
    "productPriceOld": null,
    "productPrice": null,
    "productPricePerUnit": {
      "value": 1.06,
      "unit": "€/L"
    },
    "productPriceWithLoyaltyCard": null,
    "productPricePerUnitWithLoyaltyCard": null,
    "imageUrl": "https://rezekne.citro.lv/wp-content/uploads/2022/04/4770349231477-300x300.jpg",
    "available": true,
    "discount": null
  },
  {
    "shop": "CITRO",
    "categories": [
      1,
      1002,
      10010023
    ],
    "productName": "KVASS ULMAŅLAIKU PORTERKVASS 1.5L PET",
    "productPriceOld": null,
    "productPrice": null,
    "productPricePerUnit": {
      "value": 1.06,
      "unit": "€/L"
    },
    "productPriceWithLoyaltyCard": null,
    "productPricePerUnitWithLoyaltyCard": null,
    "imageUrl": "https://rezekne.citro.lv/wp-content/uploads/2022/03/4750142005574-300x300.jpg",
    "available": true,
    "discount": null
  },
  {
    "shop": "CITRO",
    "categories": [
      1,
      1002,
      10010021
    ],
    "productName": "DZĒRIENS PEPSI COLA GĀZ. 1L PET",
    "productPriceOld": null,
    "productPrice": null,
    "productPricePerUnit": {
      "value": 1.09,
      "unit": "€/L"
    },
    "productPriceWithLoyaltyCard": null,
    "productPricePerUnitWithLoyaltyCard": null,
    "imageUrl": "https://rezekne.citro.lv/wp-content/uploads/2022/04/4770477231608-300x300.jpg",
    "available": true,
    "discount": null
  },
  {
    "shop": "RIMI",
    "categories": [
      1,
      1002,
      10010027
    ],
    "productName": "Dzēriens Mangaļi Vitafruit citr.laima g. 1,5l",
    "productPriceOld": null,
    "productPrice": {
      "value": 1.65,
      "unit": "€/gab"
    },
    "productPricePerUnit": {
      "value": 1.1,
      "unit": "€/l"
    },
    "productPriceWithLoyaltyCard": null,
    "productPricePerUnitWithLoyaltyCard": null,
    "imageUrl": "https://rimibaltic-res.cloudinary.com/image/upload/d_ecommerce:backend-fallback.png/MAT_1353113_PCE_LV",
    "available": true,
    "discount": null
  },
  {
    "shop": "RIMI",
    "categories": [
      1,
      1002,
      10010027
    ],
    "productName": "Dzēr. Mangaļi Vitafruit plūškoka/citrona 1,5l",
    "productPriceOld": null,
    "productPrice": {
      "value": 1.65,
      "unit": "€/gab"
    },
    "productPricePerUnit": {
      "value": 1.1,
      "unit": "€/l"
    },
    "productPriceWithLoyaltyCard": null,
    "productPricePerUnitWithLoyaltyCard": null,
    "imageUrl": "https://rimibaltic-res.cloudinary.com/image/upload/d_ecommerce:backend-fallback.png/MAT_1367198_PCE_LV",
    "available": true,
    "discount": null
  },
  {
    "shop": "RIMI",
    "categories": [
      1,
      1002,
      10010027
    ],
    "productName": "Dzēr. Mangaļi Vitafruit citrusu gāzēts 1,5l",
    "productPriceOld": null,
    "productPrice": {
      "value": 1.65,
      "unit": "€/gab"
    },
    "productPricePerUnit": {
      "value": 1.1,
      "unit": "€/l"
    },
    "productPriceWithLoyaltyCard": null,
    "productPricePerUnitWithLoyaltyCard": null,
    "imageUrl": "https://rimibaltic-res.cloudinary.com/image/upload/d_ecommerce:backend-fallback.png/MAT_1353713_PCE_LV",
    "available": true,
    "discount": null
  },
  {
    "shop": "RIMI",
    "categories": [
      1,
      1002,
      10010023
    ],
    "productName": "Kvass Ulmaņlaiku 2l",
    "productPriceOld": null,
    "productPrice": {
      "value": 2.19,
      "unit": "€/gab"
    },
    "productPricePerUnit": {
      "value": 1.1,
      "unit": "€/l"
    },
    "productPriceWithLoyaltyCard": null,
    "productPricePerUnitWithLoyaltyCard": null,
    "imageUrl": "https://rimibaltic-res.cloudinary.com/image/upload/d_ecommerce:backend-fallback.png/MAT_1354213_PCE_LV",
    "available": true,
    "discount": null
  },
  {
    "shop": "RIMI",
    "categories": [
      1,
      1002,
      10010020
    ],
    "productName": "Sulas dzēr. Fruts ar burkānu tropu augļu 1,5l",
    "productPriceOld": null,
    "productPrice": {
      "value": 1.65,
      "unit": "€/gab"
    },
    "productPricePerUnit": {
      "value": 1.1,
      "unit": "€/l"
    },
    "productPriceWithLoyaltyCard": null,
    "productPricePerUnitWithLoyaltyCard": null,
    "imageUrl": "https://rimibaltic-res.cloudinary.com/image/upload/d_ecommerce:backend-fallback.png/MAT_1350268_PCE_LV",
    "available": true,
    "discount": null
  },
  {
    "shop": "RIMI",
    "categories": [
      1,
      1002,
      10010024
    ],
    "productName": "Ūdens Mangaļi Vitafruit aveņu negāzēts 1,5l",
    "productPriceOld": null,
    "productPrice": {
      "value": 1.65,
      "unit": "€/gab"
    },
    "productPricePerUnit": {
      "value": 1.1,
      "unit": "€/l"
    },
    "productPriceWithLoyaltyCard": null,
    "productPricePerUnitWithLoyaltyCard": null,
    "imageUrl": "https://rimibaltic-res.cloudinary.com/image/upload/d_ecommerce:backend-fallback.png/MAT_1361702_PCE_LV",
    "available": true,
    "discount": null
  },
  {
    "shop": "RIMI",
    "categories": [
      1,
      1002,
      10010024
    ],
    "productName": "Ūdens Mangaļi VitaFruit Mango 1,5l",
    "productPriceOld": null,
    "productPrice": {
      "value": 1.65,
      "unit": "€/gab"
    },
    "productPricePerUnit": {
      "value": 1.1,
      "unit": "€/l"
    },
    "productPriceWithLoyaltyCard": null,
    "productPricePerUnitWithLoyaltyCard": null,
    "imageUrl": "https://rimibaltic-res.cloudinary.com/image/upload/d_ecommerce:backend-fallback.png/MAT_1373218_PCE_LV",
    "available": true,
    "discount": null
  },
  {
    "shop": "RIMI",
    "categories": [
      1,
      1002,
      10010020
    ],
    "productName": "Sulas dzēriens Fruts sarkano ogu 1,5l",
    "productPriceOld": null,
    "productPrice": {
      "value": 1.65,
      "unit": "€/gab"
    },
    "productPricePerUnit": {
      "value": 1.1,
      "unit": "€/l"
    },
    "productPriceWithLoyaltyCard": null,
    "productPricePerUnitWithLoyaltyCard": null,
    "imageUrl": "https://rimibaltic-res.cloudinary.com/image/upload/d_ecommerce:backend-fallback.png/MAT_1358212_PCE_LV",
    "available": true,
    "discount": null
  },
  {
    "shop": "RIMI",
    "categories": [
      1,
      1002,
      10010027
    ],
    "productName": "Dzer.ūd.Mangaļi Vitafruit pom., pers.g. 1,5l",
    "productPriceOld": null,
    "productPrice": {
      "value": 1.65,
      "unit": "€/gab"
    },
    "productPricePerUnit": {
      "value": 1.1,
      "unit": "€/l"
    },
    "productPriceWithLoyaltyCard": null,
    "productPricePerUnitWithLoyaltyCard": null,
    "imageUrl": "https://rimibaltic-res.cloudinary.com/image/upload/d_ecommerce:backend-fallback.png/MAT_1374469_PCE_LV",
    "available": true,
    "discount": null
  },
  {
    "shop": "RIMI",
    "categories": [
      1,
      1002,
      10010027
    ],
    "productName": "Dzēr. Mangaļi VitaFruit ananasu, marak. 1,5l",
    "productPriceOld": null,
    "productPrice": {
      "value": 1.65,
      "unit": "€/gab"
    },
    "productPricePerUnit": {
      "value": 1.1,
      "unit": "€/l"
    },
    "productPriceWithLoyaltyCard": null,
    "productPricePerUnitWithLoyaltyCard": null,
    "imageUrl": "https://rimibaltic-res.cloudinary.com/image/upload/d_ecommerce:backend-fallback.png/MAT_1370881_PCE_LV",
    "available": true,
    "discount": null
  },
  {
    "shop": "RIMI",
    "categories": [
      1,
      1002,
      10010026
    ],
    "productName": "Melnā ledus tēja Cido persiku 1,5l",
    "productPriceOld": null,
    "productPrice": {
      "value": 1.65,
      "unit": "€/gab"
    },
    "productPricePerUnit": {
      "value": 1.1,
      "unit": "€/l"
    },
    "productPriceWithLoyaltyCard": null,
    "productPricePerUnitWithLoyaltyCard": null,
    "imageUrl": "https://rimibaltic-res.cloudinary.com/image/upload/d_ecommerce:backend-fallback.png/MAT_1367466_PCE_LV",
    "available": true,
    "discount": null
  },
  {
    "shop": "MAXIMA",
    "categories": [
      1,
      1002,
      10010024
    ],
    "productName": "Dzeramais ūdens EVEREST gāzēts 500ml D",
    "productPriceOld": {
      "value": 0.75,
      "unit": "€"
    },
    "productPrice": {
      "value": 0.75,
      "unit": "€"
    },
    "productPricePerUnit": {
      "value": 1.5,
      "unit": "€/l"
    },
    "productPriceWithLoyaltyCard": {
      "value": 0.55,
      "unit": "€"
    },
    "productPricePerUnitWithLoyaltyCard": {
      "value": 1.1,
      "unit": "€/l"
    },
    "imageUrl": "https://cdn.barbora.lv/products/9b19f067-9a22-4f27-8d38-ceb54b1e11dc_s.png",
    "available": true,
    "discount": 27
  },
  {
    "shop": "MAXIMA",
    "categories": [
      1,
      1002,
      10010024
    ],
    "productName": "Dzeramais ūdens EVEREST negāzēts 500ml D",
    "productPriceOld": {
      "value": 0.75,
      "unit": "€"
    },
    "productPrice": {
      "value": 0.75,
      "unit": "€"
    },
    "productPricePerUnit": {
      "value": 1.5,
      "unit": "€/l"
    },
    "productPriceWithLoyaltyCard": {
      "value": 0.55,
      "unit": "€"
    },
    "productPricePerUnitWithLoyaltyCard": {
      "value": 1.1,
      "unit": "€/l"
    },
    "imageUrl": "https://cdn.barbora.lv/products/ba72ed7f-62e1-4a70-bbb3-fbea84a9eca7_s.png",
    "available": true,
    "discount": 27
  },
  {
    "shop": "MAXIMA",
    "categories": [
      1,
      1002,
      10010026
    ],
    "productName": "Ledus tēja CIDO zaļā ar pers.g. 1,5L D",
    "productPriceOld": null,
    "productPrice": {
      "value": 1.65,
      "unit": "€"
    },
    "productPricePerUnit": {
      "value": 1.1,
      "unit": "€/l"
    },
    "productPriceWithLoyaltyCard": null,
    "productPricePerUnitWithLoyaltyCard": null,
    "imageUrl": "https://cdn.barbora.lv/products/0cf1d27b-f8b3-4945-978e-60bc4f6d8551_s.png",
    "available": true,
    "discount": null
  },
  {
    "shop": "MAXIMA",
    "categories": [
      1,
      1002,
      10010023
    ],
    "productName": "Kvass ULMAŅLAIKU 2L D",
    "productPriceOld": null,
    "productPrice": {
      "value": 2.19,
      "unit": "€"
    },
    "productPricePerUnit": {
      "value": 1.1,
      "unit": "€/l"
    },
    "productPriceWithLoyaltyCard": null,
    "productPricePerUnitWithLoyaltyCard": null,
    "imageUrl": "https://cdn.barbora.lv/products/7e2d27d5-301d-4668-bbe8-7ad1ab160771_s.png",
    "available": true,
    "discount": null
  },
  {
    "shop": "MAXIMA",
    "categories": [
      1,
      1002,
      10010023
    ],
    "productName": "Kvass RUGILE 2L PET D",
    "productPriceOld": null,
    "productPrice": {
      "value": 2.19,
      "unit": "€"
    },
    "productPricePerUnit": {
      "value": 1.1,
      "unit": "€/l"
    },
    "productPriceWithLoyaltyCard": null,
    "productPricePerUnitWithLoyaltyCard": null,
    "imageUrl": "https://cdn.barbora.lv/products/4fe4f562-8e5e-4266-b041-3f044f477780_s.png",
    "available": true,
    "discount": null
  },
  {
    "shop": "MAXIMA",
    "categories": [
      1,
      1002,
      10010020
    ],
    "productName": "Sula ābolu MIO&RIO 1L",
    "productPriceOld": null,
    "productPrice": {
      "value": 1.1,
      "unit": "€"
    },
    "productPricePerUnit": {
      "value": 1.1,
      "unit": "€/l"
    },
    "productPriceWithLoyaltyCard": null,
    "productPricePerUnitWithLoyaltyCard": null,
    "imageUrl": "https://cdn.barbora.lv/products/a0969c0f-d898-48bb-9b58-3a11f72d193b_s.png",
    "available": true,
    "discount": null
  },
  {
    "shop": "MAXIMA",
    "categories": [
      1,
      1002,
      10010020
    ],
    "productName": "Nektārs CIDO FRUTTO apelsīnu 1,5L",
    "productPriceOld": {
      "value": 1.99,
      "unit": "€"
    },
    "productPrice": {
      "value": 1.99,
      "unit": "€"
    },
    "productPricePerUnit": {
      "value": 1.33,
      "unit": "€/l"
    },
    "productPriceWithLoyaltyCard": {
      "value": 1.65,
      "unit": "€"
    },
    "productPricePerUnitWithLoyaltyCard": {
      "value": 1.1,
      "unit": "€/l"
    },
    "imageUrl": "https://cdn.barbora.lv/products/9a96eb1c-60e7-4636-a6e1-1cfa308d6297_s.png",
    "available": true,
    "discount": 17
  },
  {
    "shop": "CITRO",
    "categories": [
      1,
      1002,
      10010026
    ],
    "productName": "LEDUS TĒJA NESTEA PERSIKU 1.5L",
    "productPriceOld": {
      "value": 1.89,
      "unit": "€"
    },
    "productPrice": {
      "value": 1.65,
      "unit": "€"
    },
    "productPricePerUnit": {
      "value": 1.1,
      "unit": "€/L"
    },
    "productPriceWithLoyaltyCard": null,
    "productPricePerUnitWithLoyaltyCard": null,
    "imageUrl": "https://rezekne.citro.lv/wp-content/uploads/2022/03/8595646203578-300x300.jpg",
    "available": true,
    "discount": 13
  },
  {
    "shop": "CITRO",
    "categories": [
      1,
      1002,
      10010024
    ],
    "productName": "ŪDENS DZERAMAIS ZAĶUMUIŽA NEGĀZĒTS 0.5L",
    "productPriceOld": null,
    "productPrice": null,
    "productPricePerUnit": {
      "value": 1.1,
      "unit": "€/L"
    },
    "productPriceWithLoyaltyCard": null,
    "productPricePerUnitWithLoyaltyCard": null,
    "imageUrl": "https://rezekne.citro.lv/wp-content/uploads/2022/12/4751000751046-300x300.jpg",
    "available": true,
    "discount": null
  },
  {
    "shop": "RIMI",
    "categories": [
      1,
      1002,
      10010021
    ],
    "productName": "Gāzēts dzēriens Enjoy arbūza 1,5l",
    "productPriceOld": null,
    "productPrice": {
      "value": 1.69,
      "unit": "€/gab"
    },
    "productPricePerUnit": {
      "value": 1.13,
      "unit": "€/l"
    },
    "productPriceWithLoyaltyCard": null,
    "productPricePerUnitWithLoyaltyCard": null,
    "imageUrl": "https://rimibaltic-res.cloudinary.com/image/upload/d_ecommerce:backend-fallback.png/MAT_1363671_PCE_LV",
    "available": true,
    "discount": null
  },
  {
    "shop": "RIMI",
    "categories": [
      1,
      1002,
      10010021
    ],
    "productName": "Gāzēts dzēriens Enjoy ar vīnogām, meloni 1,5l",
    "productPriceOld": null,
    "productPrice": {
      "value": 1.69,
      "unit": "€/gab"
    },
    "productPricePerUnit": {
      "value": 1.13,
      "unit": "€/l"
    },
    "productPriceWithLoyaltyCard": null,
    "productPricePerUnitWithLoyaltyCard": null,
    "imageUrl": "https://rimibaltic-res.cloudinary.com/image/upload/d_ecommerce:backend-fallback.png/MAT_1368235_PCE_LV",
    "available": true,
    "discount": null
  },
  {
    "shop": "RIMI",
    "categories": [
      1,
      1002,
      10010021
    ],
    "productName": "Limonāde Enjoy klasiskā 1.5l",
    "productPriceOld": null,
    "productPrice": {
      "value": 1.69,
      "unit": "€/gab"
    },
    "productPricePerUnit": {
      "value": 1.13,
      "unit": "€/l"
    },
    "productPriceWithLoyaltyCard": null,
    "productPricePerUnitWithLoyaltyCard": null,
    "imageUrl": "https://rimibaltic-res.cloudinary.com/image/upload/d_ecommerce:backend-fallback.png/MAT_1374408_PCE_LV",
    "available": true,
    "discount": null
  },
  {
    "shop": "RIMI",
    "categories": [
      1,
      1002,
      10010020
    ],
    "productName": "Sula Rimi tomātu 100% 1l",
    "productPriceOld": null,
    "productPrice": {
      "value": 1.15,
      "unit": "€/gab"
    },
    "productPricePerUnit": {
      "value": 1.15,
      "unit": "€/l"
    },
    "productPriceWithLoyaltyCard": null,
    "productPricePerUnitWithLoyaltyCard": null,
    "imageUrl": "https://rimibaltic-res.cloudinary.com/image/upload/d_ecommerce:backend-fallback.png/MAT_801015_PCE_LV",
    "available": true,
    "discount": null
  },
  {
    "shop": "RIMI",
    "categories": [
      1,
      1002,
      10010024
    ],
    "productName": "Minerālūdens Zaķumuiža dabīgais negāz. 0,765l",
    "productPriceOld": null,
    "productPrice": {
      "value": 0.88,
      "unit": "€/gab"
    },
    "productPricePerUnit": {
      "value": 1.15,
      "unit": "€/l"
    },
    "productPriceWithLoyaltyCard": null,
    "productPricePerUnitWithLoyaltyCard": null,
    "imageUrl": "https://rimibaltic-res.cloudinary.com/image/upload/d_ecommerce:backend-fallback.png/MAT_1363044_PCE_LV",
    "available": true,
    "discount": null
  },
  {
    "shop": "MAXIMA",
    "categories": [
      1,
      1002,
      10010024
    ],
    "productName": "Dab.minerālūdens ZAĶUMUIŽA negāz.765ml D",
    "productPriceOld": null,
    "productPrice": {
      "value": 0.88,
      "unit": "€"
    },
    "productPricePerUnit": {
      "value": 1.15,
      "unit": "€/l"
    },
    "productPriceWithLoyaltyCard": null,
    "productPricePerUnitWithLoyaltyCard": null,
    "imageUrl": "https://cdn.barbora.lv/products/a821b80c-05da-4189-8a9d-c0e026244be3_s.png",
    "available": true,
    "discount": null
  },
  {
    "shop": "MAXIMA",
    "categories": [
      1,
      1002,
      10010021
    ],
    "productName": "Gāzēts dzēriens PEPSI MAX 1L PET D",
    "productPriceOld": {
      "value": 1.79,
      "unit": "€"
    },
    "productPrice": {
      "value": 1.79,
      "unit": "€"
    },
    "productPricePerUnit": {
      "value": 1.79,
      "unit": "€/l"
    },
    "productPriceWithLoyaltyCard": {
      "value": 1.15,
      "unit": "€"
    },
    "productPricePerUnitWithLoyaltyCard": {
      "value": 1.15,
      "unit": "€/l"
    },
    "imageUrl": "https://cdn.barbora.lv/products/c60a3eaa-f0b2-484e-96f6-40ab0a33b092_s.png",
    "available": true,
    "discount": 36
  },
  {
    "shop": "MAXIMA",
    "categories": [
      1,
      1002,
      10010021
    ],
    "productName": "Gāzēts dzēriens PEPSI 1L D",
    "productPriceOld": {
      "value": 1.79,
      "unit": "€"
    },
    "productPrice": {
      "value": 1.79,
      "unit": "€"
    },
    "productPricePerUnit": {
      "value": 1.79,
      "unit": "€/l"
    },
    "productPriceWithLoyaltyCard": {
      "value": 1.15,
      "unit": "€"
    },
    "productPricePerUnitWithLoyaltyCard": {
      "value": 1.15,
      "unit": "€/l"
    },
    "imageUrl": "https://cdn.barbora.lv/products/a65af805-eb57-40fc-80a0-24208a0b98d4_s.png",
    "available": true,
    "discount": 36
  },
  {
    "shop": "MAXIMA",
    "categories": [
      1,
      1002,
      10010023
    ],
    "productName": "Kvass LĀČPLĒSIS 1,5L PET D",
    "productPriceOld": null,
    "productPrice": {
      "value": 1.72,
      "unit": "€"
    },
    "productPricePerUnit": {
      "value": 1.15,
      "unit": "€/l"
    },
    "productPriceWithLoyaltyCard": null,
    "productPricePerUnitWithLoyaltyCard": null,
    "imageUrl": "https://cdn.barbora.lv/products/51cfbcff-3139-4531-b194-9273badcfac3_s.png",
    "available": true,
    "discount": null
  },
  {
    "shop": "MAXIMA",
    "categories": [
      1,
      1002,
      10010020
    ],
    "productName": "Sula WELL DONE tomātu 1L",
    "productPriceOld": null,
    "productPrice": {
      "value": 1.15,
      "unit": "€"
    },
    "productPricePerUnit": {
      "value": 1.15,
      "unit": "€/l"
    },
    "productPriceWithLoyaltyCard": null,
    "productPricePerUnitWithLoyaltyCard": null,
    "imageUrl": "https://cdn.barbora.lv/products/3bebf79e-b97d-4a54-ba92-60439e72abf7_s.png",
    "available": true,
    "discount": null
  },
  {
    "shop": "CITRO",
    "categories": [
      1,
      1002,
      10010027
    ],
    "productName": "DZĒRIENS TYMBARK ĀBOLU-ARBŪZU 2L",
    "productPriceOld": {
      "value": 2.79,
      "unit": "€"
    },
    "productPrice": {
      "value": 2.29,
      "unit": "€"
    },
    "productPricePerUnit": {
      "value": 1.15,
      "unit": "€/KG"
    },
    "productPriceWithLoyaltyCard": null,
    "productPricePerUnitWithLoyaltyCard": null,
    "imageUrl": "https://rezekne.citro.lv/wp-content/uploads/2024/02/5900334009258-300x300.jpg",
    "available": true,
    "discount": 18
  },
  {
    "shop": "CITRO",
    "productName": "DZĒRIENS MULTIVITAMĪNU TYMBARK 2L",
    "productPriceOld": {
      "value": 2.89,
      "unit": "€"
    },
    "productPrice": {
      "value": 2.29,
      "unit": "€"
    },
    "productPricePerUnit": {
      "value": 1.15,
      "unit": "€/L"
    },
    "productPriceWithLoyaltyCard": null,
    "productPricePerUnitWithLoyaltyCard": null,
    "imageUrl": "https://rezekne.citro.lv/wp-content/uploads/2024/02/5900334004215-300x300.jpg",
    "available": true,
    "discount": 21,
    "categories": [
      1,
      1002,
      10010020
    ]
  },
  {
    "shop": "CITRO",
    "categories": [
      1,
      1002,
      10010027
    ],
    "productName": "DZĒRIENS TYMBARK ĶIRŠU-ĀBOLU 2L",
    "productPriceOld": {
      "value": 2.89,
      "unit": "€"
    },
    "productPrice": {
      "value": 2.29,
      "unit": "€"
    },
    "productPricePerUnit": {
      "value": 1.15,
      "unit": "€/KG"
    },
    "productPriceWithLoyaltyCard": null,
    "productPricePerUnitWithLoyaltyCard": null,
    "imageUrl": "https://rezekne.citro.lv/wp-content/uploads/2024/02/5900334001184-300x300.jpg",
    "available": true,
    "discount": 21
  },
  {
    "shop": "MAXIMA",
    "categories": [
      1,
      1002,
      10010020
    ],
    "productName": "Sulas dzēriens ELMENHORSTER ābolu-ķiršu 2L",
    "productPriceOld": null,
    "productPrice": {
      "value": 2.31,
      "unit": "€"
    },
    "productPricePerUnit": {
      "value": 1.16,
      "unit": "€/l"
    },
    "productPriceWithLoyaltyCard": null,
    "productPricePerUnitWithLoyaltyCard": null,
    "imageUrl": "https://cdn.barbora.lv/products/9602bea2-24f3-4c92-9d27-d4167a53eb97_s.png",
    "available": true,
    "discount": null
  },
  {
    "shop": "RIMI",
    "categories": [
      1,
      1002,
      10010024
    ],
    "productName": "Ūdens Cēsu Bērzūdens melleņu 1,5l",
    "productPriceOld": null,
    "productPrice": {
      "value": 1.75,
      "unit": "€/gab"
    },
    "productPricePerUnit": {
      "value": 1.17,
      "unit": "€/l"
    },
    "productPriceWithLoyaltyCard": null,
    "productPricePerUnitWithLoyaltyCard": null,
    "imageUrl": "https://rimibaltic-res.cloudinary.com/image/upload/d_ecommerce:backend-fallback.png/MAT_1368687_PCE_LV",
    "available": true,
    "discount": null
  },
  {
    "shop": "RIMI",
    "categories": [
      1,
      1002,
      10010024
    ],
    "productName": "Ūdens Cēsu Bērzūdens zemeņu un bazilika 1,5l",
    "productPriceOld": null,
    "productPrice": {
      "value": 1.75,
      "unit": "€/gab"
    },
    "productPricePerUnit": {
      "value": 1.17,
      "unit": "€/l"
    },
    "productPriceWithLoyaltyCard": null,
    "productPricePerUnitWithLoyaltyCard": null,
    "imageUrl": "https://rimibaltic-res.cloudinary.com/image/upload/d_ecommerce:backend-fallback.png/MAT_1368688_PCE_LV",
    "available": true,
    "discount": null
  },
  {
    "shop": "RIMI",
    "categories": [
      1,
      1002,
      10010024
    ],
    "productName": "Ūdens Cēsu Bērzūdens citronu un laima 1,5l",
    "productPriceOld": null,
    "productPrice": {
      "value": 1.75,
      "unit": "€/gab"
    },
    "productPricePerUnit": {
      "value": 1.17,
      "unit": "€/l"
    },
    "productPriceWithLoyaltyCard": null,
    "productPricePerUnitWithLoyaltyCard": null,
    "imageUrl": "https://rimibaltic-res.cloudinary.com/image/upload/d_ecommerce:backend-fallback.png/MAT_1368675_PCE_LV",
    "available": true,
    "discount": null
  },
  {
    "shop": "RIMI",
    "categories": [
      1,
      1002,
      10010021
    ],
    "productName": "Gāzētais dzēriens Limonāde Mežaogu 1,5l",
    "productPriceOld": null,
    "productPrice": {
      "value": 1.75,
      "unit": "€/gab"
    },
    "productPricePerUnit": {
      "value": 1.17,
      "unit": "€/l"
    },
    "productPriceWithLoyaltyCard": null,
    "productPricePerUnitWithLoyaltyCard": null,
    "imageUrl": "https://rimibaltic-res.cloudinary.com/image/upload/d_ecommerce:backend-fallback.png/MAT_1373402_PCE_LV",
    "available": true,
    "discount": null
  },
  {
    "shop": "RIMI",
    "categories": [
      1,
      1002,
      10010021
    ],
    "productName": "Gāzētais dzēriens Limonāde Zvaniņš 1,5l",
    "productPriceOld": null,
    "productPrice": {
      "value": 1.75,
      "unit": "€/gab"
    },
    "productPricePerUnit": {
      "value": 1.17,
      "unit": "€/l"
    },
    "productPriceWithLoyaltyCard": null,
    "productPricePerUnitWithLoyaltyCard": null,
    "imageUrl": "https://rimibaltic-res.cloudinary.com/image/upload/d_ecommerce:backend-fallback.png/MAT_1373401_PCE_LV",
    "available": true,
    "discount": null
  },
  {
    "shop": "RIMI",
    "categories": [
      1,
      1001,
      1001001
    ],
    "productName": "Gaišais alus Walter oriģinālais 4,2% 1l",
    "productPriceOld": null,
    "productPrice": {
      "value": 1.17,
      "unit": "€/gab"
    },
    "productPricePerUnit": {
      "value": 1.17,
      "unit": "€/l"
    },
    "productPriceWithLoyaltyCard": null,
    "productPricePerUnitWithLoyaltyCard": null,
    "imageUrl": "https://rimibaltic-res.cloudinary.com/image/upload/d_ecommerce:backend-fallback.png/MAT_809974_PCE_LV",
    "available": true,
    "discount": null
  },
  {
    "shop": "MAXIMA",
    "categories": [
      1,
      1002,
      10010023
    ],
    "productName": "Kvass ULMAŅLAIKU 1,5L D",
    "productPriceOld": null,
    "productPrice": {
      "value": 1.75,
      "unit": "€"
    },
    "productPricePerUnit": {
      "value": 1.17,
      "unit": "€/l"
    },
    "productPriceWithLoyaltyCard": null,
    "productPricePerUnitWithLoyaltyCard": null,
    "imageUrl": "https://cdn.barbora.lv/products/732d0a34-2347-41a0-8a1e-00eb90c25d4b_s.png",
    "available": true,
    "discount": null
  },
  {
    "shop": "MAXIMA",
    "categories": [
      1,
      1001,
      1001001
    ],
    "productName": "Alus CRONUS 4,2% 1L PET D",
    "productPriceOld": null,
    "productPrice": {
      "value": 1.17,
      "unit": "€"
    },
    "productPricePerUnit": {
      "value": 1.17,
      "unit": "€/l"
    },
    "productPriceWithLoyaltyCard": null,
    "productPricePerUnitWithLoyaltyCard": null,
    "imageUrl": "https://cdn.barbora.lv/products/44361b74-8857-414f-ab44-0c57720f415a_s.png",
    "available": true,
    "discount": null
  },
  {
    "shop": "CITRO",
    "categories": [
      1,
      1002,
      10010023
    ],
    "productName": "KVASS TĒRVETES SAIMES 1.5L PET",
    "productPriceOld": null,
    "productPrice": null,
    "productPricePerUnit": {
      "value": 1.17,
      "unit": "€/L"
    },
    "productPriceWithLoyaltyCard": null,
    "productPricePerUnitWithLoyaltyCard": null,
    "imageUrl": "https://rezekne.citro.lv/wp-content/uploads/2024/09/4750440000837-300x300.jpg",
    "available": true,
    "discount": null
  },
  {
    "shop": "RIMI",
    "categories": [
      1,
      1002,
      10010024
    ],
    "productName": "Minerālūdens Venden negāzēts 0,5l",
    "productPriceOld": null,
    "productPrice": {
      "value": 0.7,
      "unit": "€/gab"
    },
    "productPricePerUnit": {
      "value": 1.4,
      "unit": "€/l"
    },
    "productPriceWithLoyaltyCard": {
      "value": 0.59,
      "unit": "€"
    },
    "productPricePerUnitWithLoyaltyCard": {
      "value": 1.18,
      "unit": "€/l"
    },
    "imageUrl": "https://rimibaltic-res.cloudinary.com/image/upload/d_ecommerce:backend-fallback.png/MAT_1354908_PCE_LV",
    "available": true,
    "discount": 16
  },
  {
    "shop": "RIMI",
    "categories": [
      1,
      1002,
      10010027
    ],
    "productName": "Dz.Tērvetes citrona laima gāzēts,bezalk. 0,5l",
    "productPriceOld": null,
    "productPrice": {
      "value": 0.78,
      "unit": "€/gab"
    },
    "productPricePerUnit": {
      "value": 1.56,
      "unit": "€/l"
    },
    "productPriceWithLoyaltyCard": {
      "value": 0.59,
      "unit": "€"
    },
    "productPricePerUnitWithLoyaltyCard": {
      "value": 1.18,
      "unit": "€/l"
    },
    "imageUrl": "https://rimibaltic-res.cloudinary.com/image/upload/d_ecommerce:backend-fallback.png/MAT_1365030_PCE_LV",
    "available": true,
    "discount": 24
  },
  {
    "shop": "RIMI",
    "categories": [
      1,
      1002,
      10010021
    ],
    "productName": "Gāz. dzēriens Tērvete ar mango garšu 0,5l",
    "productPriceOld": null,
    "productPrice": {
      "value": 0.78,
      "unit": "€/gab"
    },
    "productPricePerUnit": {
      "value": 1.56,
      "unit": "€/l"
    },
    "productPriceWithLoyaltyCard": {
      "value": 0.59,
      "unit": "€"
    },
    "productPricePerUnitWithLoyaltyCard": {
      "value": 1.18,
      "unit": "€/l"
    },
    "imageUrl": "https://rimibaltic-res.cloudinary.com/image/upload/d_ecommerce:backend-fallback.png/MAT_1366258_PCE_LV",
    "available": true,
    "discount": 24
  },
  {
    "shop": "RIMI",
    "categories": [
      1,
      1002,
      10010024
    ],
    "productName": "Minerālūdens Venden gāzēts 0,5l",
    "productPriceOld": null,
    "productPrice": {
      "value": 0.7,
      "unit": "€/gab"
    },
    "productPricePerUnit": {
      "value": 1.4,
      "unit": "€/l"
    },
    "productPriceWithLoyaltyCard": {
      "value": 0.59,
      "unit": "€"
    },
    "productPricePerUnitWithLoyaltyCard": {
      "value": 1.18,
      "unit": "€/l"
    },
    "imageUrl": "https://rimibaltic-res.cloudinary.com/image/upload/d_ecommerce:backend-fallback.png/MAT_1354907_PCE_LV",
    "available": true,
    "discount": 16
  },
  {
    "shop": "RIMI",
    "categories": [
      1,
      1002,
      10010021
    ],
    "productName": "Dzēriens Cēsu limonāde gāzēts 0,5l",
    "productPriceOld": null,
    "productPrice": {
      "value": 0.59,
      "unit": "€/gab"
    },
    "productPricePerUnit": {
      "value": 1.18,
      "unit": "€/l"
    },
    "productPriceWithLoyaltyCard": null,
    "productPricePerUnitWithLoyaltyCard": null,
    "imageUrl": "https://rimibaltic-res.cloudinary.com/image/upload/d_ecommerce:backend-fallback.png/MAT_112845_PCE_LV",
    "available": true,
    "discount": null
  },
  {
    "shop": "RIMI",
    "categories": [
      1,
      1002,
      10010024
    ],
    "productName": "Minerālūdens Neptunas gāzēts 0,5l",
    "productPriceOld": null,
    "productPrice": {
      "value": 0.79,
      "unit": "€/gab"
    },
    "productPricePerUnit": {
      "value": 1.58,
      "unit": "€/l"
    },
    "productPriceWithLoyaltyCard": {
      "value": 0.59,
      "unit": "€"
    },
    "productPricePerUnitWithLoyaltyCard": {
      "value": 1.18,
      "unit": "€/l"
    },
    "imageUrl": "https://rimibaltic-res.cloudinary.com/image/upload/d_ecommerce:backend-fallback.png/MAT_1359644_PCE_LV",
    "available": true,
    "discount": 25
  },
  {
    "shop": "RIMI",
    "categories": [
      1,
      1002,
      10010024
    ],
    "productName": "Minerālūdens Neptunas negāzēts 0,5l",
    "productPriceOld": null,
    "productPrice": {
      "value": 0.79,
      "unit": "€/gab"
    },
    "productPricePerUnit": {
      "value": 1.58,
      "unit": "€/l"
    },
    "productPriceWithLoyaltyCard": {
      "value": 0.59,
      "unit": "€"
    },
    "productPricePerUnitWithLoyaltyCard": {
      "value": 1.18,
      "unit": "€/l"
    },
    "imageUrl": "https://rimibaltic-res.cloudinary.com/image/upload/d_ecommerce:backend-fallback.png/MAT_1359627_PCE_LV",
    "available": true,
    "discount": 25
  },
  {
    "shop": "MAXIMA",
    "categories": [
      1,
      1002,
      10010021
    ],
    "productName": "Gāz.dzēr.LIMONĀDE LIMPO klasiskā 0,5L D",
    "productPriceOld": null,
    "productPrice": {
      "value": 0.59,
      "unit": "€"
    },
    "productPricePerUnit": {
      "value": 1.18,
      "unit": "€/l"
    },
    "productPriceWithLoyaltyCard": null,
    "productPricePerUnitWithLoyaltyCard": null,
    "imageUrl": "https://cdn.barbora.lv/products/a77a87c6-1854-4a67-87ca-02256fc87703_s.png",
    "available": true,
    "discount": null
  },
  {
    "shop": "CITRO",
    "categories": [
      1,
      1002,
      10010024
    ],
    "productName": "ŪDENS EVERESTS NEGĀZĒTS 0.5L",
    "productPriceOld": null,
    "productPrice": null,
    "productPricePerUnit": {
      "value": 1.18,
      "unit": "€/L"
    },
    "productPriceWithLoyaltyCard": null,
    "productPricePerUnitWithLoyaltyCard": null,
    "imageUrl": "https://rezekne.citro.lv/wp-content/uploads/2022/03/4750142005918-300x300.jpg",
    "available": true,
    "discount": null
  },
  {
    "shop": "CITRO",
    "categories": [
      1,
      1002,
      10010024
    ],
    "productName": "ŪDENS DZERAMAIS EVERESTS GĀZĒTS 0.5L",
    "productPriceOld": null,
    "productPrice": null,
    "productPricePerUnit": {
      "value": 1.18,
      "unit": "€/L"
    },
    "productPriceWithLoyaltyCard": null,
    "productPricePerUnitWithLoyaltyCard": null,
    "imageUrl": "https://rezekne.citro.lv/wp-content/uploads/2022/03/4750142005888-300x300.jpg",
    "available": true,
    "discount": null
  },
  {
    "shop": "RIMI",
    "categories": [
      1,
      1002,
      10010021
    ],
    "productName": "Toniks Sun Set 1,5l",
    "productPriceOld": null,
    "productPrice": {
      "value": 1.79,
      "unit": "€/gab"
    },
    "productPricePerUnit": {
      "value": 1.19,
      "unit": "€/l"
    },
    "productPriceWithLoyaltyCard": null,
    "productPricePerUnitWithLoyaltyCard": null,
    "imageUrl": "https://rimibaltic-res.cloudinary.com/image/upload/d_ecommerce:backend-fallback.png/MAT_113849_PCE_LV",
    "available": true,
    "discount": null
  },
  {
    "shop": "RIMI",
    "categories": [
      1,
      1002,
      10010024
    ],
    "productName": "Dabīgais minerālūdens Mangaļi 0,75L",
    "productPriceOld": null,
    "productPrice": {
      "value": 0.89,
      "unit": "€/gab"
    },
    "productPricePerUnit": {
      "value": 1.19,
      "unit": "€/l"
    },
    "productPriceWithLoyaltyCard": null,
    "productPricePerUnitWithLoyaltyCard": null,
    "imageUrl": "https://rimibaltic-res.cloudinary.com/image/upload/d_ecommerce:backend-fallback.png/MAT_1357999_PCE_LV",
    "available": true,
    "discount": null
  },
  {
    "shop": "RIMI",
    "categories": [
      1,
      1002,
      10010021
    ],
    "productName": "Gāz. dzēriens Enjoy zem.,citrona, piparm.1,5l",
    "productPriceOld": null,
    "productPrice": {
      "value": 1.79,
      "unit": "€/gab"
    },
    "productPricePerUnit": {
      "value": 1.19,
      "unit": "€/l"
    },
    "productPriceWithLoyaltyCard": null,
    "productPricePerUnitWithLoyaltyCard": null,
    "imageUrl": "https://rimibaltic-res.cloudinary.com/image/upload/d_ecommerce:backend-fallback.png/MAT_1356328_PCE_LV",
    "available": true,
    "discount": null
  },
  {
    "shop": "RIMI",
    "categories": [
      1,
      1002,
      10010021
    ],
    "productName": "Gāzēts dzēr. Enjoy apelsīnu bez cukura 1,5l",
    "productPriceOld": null,
    "productPrice": {
      "value": 1.79,
      "unit": "€/gab"
    },
    "productPricePerUnit": {
      "value": 1.19,
      "unit": "€/l"
    },
    "productPriceWithLoyaltyCard": null,
    "productPricePerUnitWithLoyaltyCard": null,
    "imageUrl": "https://rimibaltic-res.cloudinary.com/image/upload/d_ecommerce:backend-fallback.png/MAT_1371063_PCE_LV",
    "available": true,
    "discount": null
  },
  {
    "shop": "RIMI",
    "categories": [
      1,
      1002,
      10010024
    ],
    "productName": "Ūdens Vichy Fresh Bubble Mango 1,5l",
    "productPriceOld": null,
    "productPrice": {
      "value": 1.79,
      "unit": "€/gab"
    },
    "productPricePerUnit": {
      "value": 1.19,
      "unit": "€/l"
    },
    "productPriceWithLoyaltyCard": null,
    "productPricePerUnitWithLoyaltyCard": null,
    "imageUrl": "https://rimibaltic-res.cloudinary.com/image/upload/d_ecommerce:backend-fallback.png/MAT_1357172_PCE_LV",
    "available": true,
    "discount": null
  },
  {
    "shop": "MAXIMA",
    "categories": [
      1,
      1002,
      10010024
    ],
    "productName": "Dab.minerālūd.MANGAĻI-1 negāzēts 750ml D",
    "productPriceOld": null,
    "productPrice": {
      "value": 0.89,
      "unit": "€"
    },
    "productPricePerUnit": {
      "value": 1.19,
      "unit": "€/l"
    },
    "productPriceWithLoyaltyCard": null,
    "productPricePerUnitWithLoyaltyCard": null,
    "imageUrl": "https://cdn.barbora.lv/products/0998c72b-ccb2-4c93-956c-2474e1957559_s.png",
    "available": true,
    "discount": null
  },
  {
    "shop": "MAXIMA",
    "categories": [
      1,
      1002,
      10010020
    ],
    "productName": "Nektārs apelsīnu MIO&RIO 2L",
    "productPriceOld": null,
    "productPrice": {
      "value": 2.37,
      "unit": "€"
    },
    "productPricePerUnit": {
      "value": 1.19,
      "unit": "€/l"
    },
    "productPriceWithLoyaltyCard": null,
    "productPricePerUnitWithLoyaltyCard": null,
    "imageUrl": "https://cdn.barbora.lv/products/4a893b04-8b94-4a04-89f6-062bbffc5187_s.png",
    "available": true,
    "discount": null
  },
  {
    "shop": "CITRO",
    "categories": [
      1,
      1002,
      10010020
    ],
    "productName": "NEKTĀRS CIDO FRUTTO ĀBOLU 50% 1.5L",
    "productPriceOld": {
      "value": 1.89,
      "unit": "€"
    },
    "productPrice": {
      "value": 1.79,
      "unit": "€"
    },
    "productPricePerUnit": {
      "value": 1.19,
      "unit": "€/L"
    },
    "productPriceWithLoyaltyCard": null,
    "productPricePerUnitWithLoyaltyCard": null,
    "imageUrl": "https://rezekne.citro.lv/wp-content/uploads/2020/12/4750042000181-300x300.jpg",
    "available": true,
    "discount": 5
  },
  {
    "shop": "CITRO",
    "categories": [
      1,
      1002,
      10010020
    ],
    "productName": "CIDO XL SULA TOMĀTU 1.5L",
    "productPriceOld": {
      "value": 1.89,
      "unit": "€"
    },
    "productPrice": {
      "value": 1.79,
      "unit": "€"
    },
    "productPricePerUnit": {
      "value": 1.19,
      "unit": "€/L"
    },
    "productPriceWithLoyaltyCard": null,
    "productPricePerUnitWithLoyaltyCard": null,
    "imageUrl": "https://rezekne.citro.lv/wp-content/uploads/2022/05/4750042804307-300x300.jpg",
    "available": true,
    "discount": 5
  },
  {
    "shop": "CITRO",
    "categories": [
      1,
      1002,
      10010027
    ],
    "productName": "DZĒRIENS VENDEN FRUITE CITRONS UN LAIMS 1.5L",
    "productPriceOld": null,
    "productPrice": null,
    "productPricePerUnit": {
      "value": 1.19,
      "unit": "€/L"
    },
    "productPriceWithLoyaltyCard": null,
    "productPricePerUnitWithLoyaltyCard": null,
    "imageUrl": "https://rezekne.citro.lv/wp-content/uploads/2024/07/4751014941228-300x300.jpg",
    "available": true,
    "discount": null
  },
  {
    "shop": "MAXIMA",
    "categories": [
      1,
      1002,
      10010020
    ],
    "productName": "Sulas dzēriens ELMENHORSTER multivit. 2L",
    "productPriceOld": null,
    "productPrice": {
      "value": 2.39,
      "unit": "€"
    },
    "productPricePerUnit": {
      "value": 1.2,
      "unit": "€/l"
    },
    "productPriceWithLoyaltyCard": null,
    "productPricePerUnitWithLoyaltyCard": null,
    "imageUrl": "https://cdn.barbora.lv/products/50699bc2-7cf0-444f-8169-1e89571aa380_s.png",
    "available": true,
    "discount": null
  },
  {
    "shop": "RIMI",
    "categories": [
      1,
      1002,
      10010023
    ],
    "productName": "Porterkvass Ulmaņlaiku PET 1,5l",
    "productPriceOld": null,
    "productPrice": {
      "value": 1.85,
      "unit": "€/gab"
    },
    "productPricePerUnit": {
      "value": 1.23,
      "unit": "€/l"
    },
    "productPriceWithLoyaltyCard": null,
    "productPricePerUnitWithLoyaltyCard": null,
    "imageUrl": "https://rimibaltic-res.cloudinary.com/image/upload/d_ecommerce:backend-fallback.png/MAT_1355052_PCE_LV",
    "available": true,
    "discount": null
  },
  {
    "shop": "MAXIMA",
    "categories": [
      1,
      1002,
      10010023
    ],
    "productName": "Kvass ULMAŅLAIKU PORTER 1,5L D",
    "productPriceOld": null,
    "productPrice": {
      "value": 1.85,
      "unit": "€"
    },
    "productPricePerUnit": {
      "value": 1.23,
      "unit": "€/l"
    },
    "productPriceWithLoyaltyCard": null,
    "productPricePerUnitWithLoyaltyCard": null,
    "imageUrl": "https://cdn.barbora.lv/products/96e1864c-90af-48ad-829b-cff674873043_s.png",
    "available": true,
    "discount": null
  },
  {
    "shop": "MAXIMA",
    "categories": [
      2,
      2001,
      2001005
    ],
    "productName": "Saldskābā maize MANA MAIZE 800g",
    "productPriceOld": null,
    "productPrice": {
      "value": 0.99,
      "unit": "€"
    },
    "productPricePerUnit": {
      "value": 1.24,
      "unit": "€/kg"
    },
    "productPriceWithLoyaltyCard": null,
    "productPricePerUnitWithLoyaltyCard": null,
    "imageUrl": "https://cdn.barbora.lv/products/f0ef4249-41bd-4528-aa3a-15694ae3e799_s.png",
    "available": true,
    "discount": null
  },
  {
    "shop": "MAXIMA",
    "categories": [
      1,
      1002,
      10010020
    ],
    "productName": "Sula PFANNER ābolu 2L",
    "productPriceOld": {
      "value": 3.66,
      "unit": "€"
    },
    "productPrice": {
      "value": 3.66,
      "unit": "€"
    },
    "productPricePerUnit": {
      "value": 1.83,
      "unit": "€/l"
    },
    "productPriceWithLoyaltyCard": {
      "value": 2.49,
      "unit": "€"
    },
    "productPricePerUnitWithLoyaltyCard": {
      "value": 1.25,
      "unit": "€/l"
    },
    "imageUrl": "https://cdn.barbora.lv/products/ccee2ebd-a904-458a-abf9-4363488e2db2_s.png",
    "available": true,
    "discount": 32
  },
  {
    "shop": "RIMI",
    "categories": [
      1,
      1002,
      10010021
    ],
    "productName": "Gāz. dzēr. Pepsi Max bezkal., ar saldin. 1,5l",
    "productPriceOld": null,
    "productPrice": {
      "value": 2.29,
      "unit": "€/gab"
    },
    "productPricePerUnit": {
      "value": 1.53,
      "unit": "€/l"
    },
    "productPriceWithLoyaltyCard": {
      "value": 1.89,
      "unit": "€"
    },
    "productPricePerUnitWithLoyaltyCard": {
      "value": 1.26,
      "unit": "€/l"
    },
    "imageUrl": "https://rimibaltic-res.cloudinary.com/image/upload/d_ecommerce:backend-fallback.png/MAT_1360393_PCE_LV",
    "available": true,
    "discount": 17
  },
  {
    "shop": "RIMI",
    "categories": [
      1,
      1002,
      10010021
    ],
    "productName": "Gāzēts dzēriens Pepsi Cola 1,5l",
    "productPriceOld": null,
    "productPrice": {
      "value": 2.29,
      "unit": "€/gab"
    },
    "productPricePerUnit": {
      "value": 1.53,
      "unit": "€/l"
    },
    "productPriceWithLoyaltyCard": {
      "value": 1.89,
      "unit": "€"
    },
    "productPricePerUnitWithLoyaltyCard": {
      "value": 1.26,
      "unit": "€/l"
    },
    "imageUrl": "https://rimibaltic-res.cloudinary.com/image/upload/d_ecommerce:backend-fallback.png/MAT_1360378_PCE_LV",
    "available": true,
    "discount": 17
  },
  {
    "shop": "RIMI",
    "categories": [
      1,
      1002,
      10010021
    ],
    "productName": "Gāz.dzēriens Mirinda apelsīnu 1,5L",
    "productPriceOld": null,
    "productPrice": {
      "value": 2.29,
      "unit": "€/gab"
    },
    "productPricePerUnit": {
      "value": 1.53,
      "unit": "€/l"
    },
    "productPriceWithLoyaltyCard": {
      "value": 1.89,
      "unit": "€"
    },
    "productPricePerUnitWithLoyaltyCard": {
      "value": 1.26,
      "unit": "€/l"
    },
    "imageUrl": "https://rimibaltic-res.cloudinary.com/image/upload/d_ecommerce:backend-fallback.png/MAT_1360394_PCE_LV",
    "available": true,
    "discount": 17
  },
  {
    "shop": "RIMI",
    "categories": [
      1,
      1002,
      10010024
    ],
    "productName": "Dzeramais ūdens Vichy Fresh zemeņu 1,5l",
    "productPriceOld": null,
    "productPrice": {
      "value": 1.89,
      "unit": "€/gab"
    },
    "productPricePerUnit": {
      "value": 1.26,
      "unit": "€/l"
    },
    "productPriceWithLoyaltyCard": null,
    "productPricePerUnitWithLoyaltyCard": null,
    "imageUrl": "https://rimibaltic-res.cloudinary.com/image/upload/d_ecommerce:backend-fallback.png/MAT_1359704_PCE_LV",
    "available": true,
    "discount": null
  },
  {
    "shop": "RIMI",
    "categories": [
      1,
      1002,
      10010024
    ],
    "productName": "Dzeramais ūdens Vichy Fresh Lemon Lime 1,5l",
    "productPriceOld": null,
    "productPrice": {
      "value": 1.89,
      "unit": "€/gab"
    },
    "productPricePerUnit": {
      "value": 1.26,
      "unit": "€/l"
    },
    "productPriceWithLoyaltyCard": null,
    "productPricePerUnitWithLoyaltyCard": null,
    "imageUrl": "https://rimibaltic-res.cloudinary.com/image/upload/d_ecommerce:backend-fallback.png/MAT_1351784_PCE_LV",
    "available": true,
    "discount": null
  },
  {
    "shop": "RIMI",
    "categories": [
      1,
      1002,
      10010021
    ],
    "productName": "Gāz.dzēriens citronu-laima 1,5L",
    "productPriceOld": null,
    "productPrice": {
      "value": 2.29,
      "unit": "€/gab"
    },
    "productPricePerUnit": {
      "value": 1.53,
      "unit": "€/l"
    },
    "productPriceWithLoyaltyCard": {
      "value": 1.89,
      "unit": "€"
    },
    "productPricePerUnitWithLoyaltyCard": {
      "value": 1.26,
      "unit": "€/l"
    },
    "imageUrl": "https://rimibaltic-res.cloudinary.com/image/upload/d_ecommerce:backend-fallback.png/MAT_1360389_PCE_LV",
    "available": true,
    "discount": 17
  },
  {
    "shop": "RIMI",
    "categories": [
      1,
      1002,
      10010024
    ],
    "productName": "Ūdens Vichy Fresh Bubbles aveņu 1,5L",
    "productPriceOld": null,
    "productPrice": {
      "value": 1.89,
      "unit": "€/gab"
    },
    "productPricePerUnit": {
      "value": 1.26,
      "unit": "€/l"
    },
    "productPriceWithLoyaltyCard": null,
    "productPricePerUnitWithLoyaltyCard": null,
    "imageUrl": "https://rimibaltic-res.cloudinary.com/image/upload/d_ecommerce:backend-fallback.png/MAT_1372515_PCE_LV",
    "available": true,
    "discount": null
  },
  {
    "shop": "RIMI",
    "categories": [
      1,
      1002,
      10010024
    ],
    "productName": "Ūdens ar citrona, laima garšu gāzēts 1,5l",
    "productPriceOld": null,
    "productPrice": {
      "value": 1.89,
      "unit": "€/gab"
    },
    "productPricePerUnit": {
      "value": 1.26,
      "unit": "€/l"
    },
    "productPriceWithLoyaltyCard": null,
    "productPricePerUnitWithLoyaltyCard": null,
    "imageUrl": "https://rimibaltic-res.cloudinary.com/image/upload/d_ecommerce:backend-fallback.png/MAT_1372602_PCE_LV",
    "available": true,
    "discount": null
  },
  {
    "shop": "RIMI",
    "categories": [
      1,
      1002,
      10010024
    ],
    "productName": "Ūdens ar cidoniju, rabarberu g. gāzēts 1,5l",
    "productPriceOld": null,
    "productPrice": {
      "value": 1.89,
      "unit": "€/gab"
    },
    "productPricePerUnit": {
      "value": 1.26,
      "unit": "€/l"
    },
    "productPriceWithLoyaltyCard": null,
    "productPricePerUnitWithLoyaltyCard": null,
    "imageUrl": "https://rimibaltic-res.cloudinary.com/image/upload/d_ecommerce:backend-fallback.png/MAT_1372603_PCE_LV",
    "available": true,
    "discount": null
  },
  {
    "shop": "MAXIMA",
    "categories": [
      1,
      1002,
      10010021
    ],
    "productName": "Gāz.dzēr.VENDEN zemeņu aveņu g. 1,5L D",
    "productPriceOld": null,
    "productPrice": {
      "value": 1.89,
      "unit": "€"
    },
    "productPricePerUnit": {
      "value": 1.26,
      "unit": "€/l"
    },
    "productPriceWithLoyaltyCard": null,
    "productPricePerUnitWithLoyaltyCard": null,
    "imageUrl": "https://cdn.barbora.lv/products/38888b0b-8b4e-4f05-ae53-8086234603b9_s.png",
    "available": true,
    "discount": null
  },
  {
    "shop": "MAXIMA",
    "categories": [
      1,
      1002,
      10010021
    ],
    "productName": "Gāz.dzēr.VENDEN citrona laima g. 1,5L D",
    "productPriceOld": null,
    "productPrice": {
      "value": 1.89,
      "unit": "€"
    },
    "productPricePerUnit": {
      "value": 1.26,
      "unit": "€/l"
    },
    "productPriceWithLoyaltyCard": null,
    "productPricePerUnitWithLoyaltyCard": null,
    "imageUrl": "https://cdn.barbora.lv/products/8ea17db7-4f6b-4f04-a2f6-ce3056d33e52_s.png",
    "available": true,
    "discount": null
  },
  {
    "shop": "CITRO",
    "categories": [
      1,
      1002,
      10010026
    ],
    "productName": "LEDUS TĒJA NESTEA CITRONU 1.5L",
    "productPriceOld": null,
    "productPrice": null,
    "productPricePerUnit": {
      "value": 1.26,
      "unit": "€/L"
    },
    "productPriceWithLoyaltyCard": null,
    "productPricePerUnitWithLoyaltyCard": null,
    "imageUrl": "https://rezekne.citro.lv/wp-content/uploads/2022/03/8595646203530-300x300.jpg",
    "available": true,
    "discount": null
  },
  {
    "shop": "CITRO",
    "categories": [
      1,
      1002,
      10010026
    ],
    "productName": "LEDUS TĒJA NESTEA CITRUSAUGĻU 1.5L",
    "productPriceOld": null,
    "productPrice": null,
    "productPricePerUnit": {
      "value": 1.26,
      "unit": "€/KG"
    },
    "productPriceWithLoyaltyCard": null,
    "productPricePerUnitWithLoyaltyCard": null,
    "imageUrl": "https://rezekne.citro.lv/wp-content/uploads/2022/04/8595646203615-300x300.jpg",
    "available": true,
    "discount": null
  },
  {
    "shop": "CITRO",
    "categories": [
      1,
      1002,
      10010021
    ],
    "productName": "DZĒRIENS GĀZĒTS SCHWEPPES TONIC 1.5L",
    "productPriceOld": {
      "value": 2.79,
      "unit": "€"
    },
    "productPrice": {
      "value": 1.89,
      "unit": "€"
    },
    "productPricePerUnit": {
      "value": 1.26,
      "unit": "€/L"
    },
    "productPriceWithLoyaltyCard": null,
    "productPricePerUnitWithLoyaltyCard": null,
    "imageUrl": "https://rezekne.citro.lv/wp-content/uploads/2023/10/5000112651775-300x300.jpg",
    "available": true,
    "discount": 32
  },
  {
    "shop": "CITRO",
    "categories": [
      1,
      1002,
      10010021
    ],
    "productName": "TONIKS SCHWEPPES PINK MIXER 1.5L",
    "productPriceOld": {
      "value": 2.79,
      "unit": "€"
    },
    "productPrice": {
      "value": 1.89,
      "unit": "€"
    },
    "productPricePerUnit": {
      "value": 1.26,
      "unit": "€/L"
    },
    "productPriceWithLoyaltyCard": null,
    "productPricePerUnitWithLoyaltyCard": null,
    "imageUrl": "https://rezekne.citro.lv/wp-content/uploads/2023/09/5000112651782-1-300x300.jpg",
    "available": true,
    "discount": 32
  },
  {
    "shop": "RIMI",
    "categories": [
      1,
      1002,
      10010021
    ],
    "productName": "Gāzēts dzēriens limonāde Rimi 0,5l",
    "productPriceOld": null,
    "productPrice": {
      "value": 0.64,
      "unit": "€/gab"
    },
    "productPricePerUnit": {
      "value": 1.28,
      "unit": "€/l"
    },
    "productPriceWithLoyaltyCard": null,
    "productPricePerUnitWithLoyaltyCard": null,
    "imageUrl": "https://rimibaltic-res.cloudinary.com/image/upload/d_ecommerce:backend-fallback.png/MAT_1361829_PCE_LV",
    "available": true,
    "discount": null
  },
  {
    "shop": "MAXIMA",
    "categories": [
      1,
      1002,
      10010027
    ],
    "productName": "Iesala dzēriens IĻĢUCIEMA tumšais 1,5L D",
    "productPriceOld": null,
    "productPrice": {
      "value": 1.93,
      "unit": "€"
    },
    "productPricePerUnit": {
      "value": 1.29,
      "unit": "€/l"
    },
    "productPriceWithLoyaltyCard": null,
    "productPricePerUnitWithLoyaltyCard": null,
    "imageUrl": "https://cdn.barbora.lv/products/c573e50f-2d10-47e5-ab5d-d394527d64de_s.png",
    "available": true,
    "discount": null
  },
  {
    "shop": "MAXIMA",
    "categories": [
      1,
      1001,
      1001001
    ],
    "productName": "Alus CRONUS 5,8% 1L PET D",
    "productPriceOld": {
      "value": 1.45,
      "unit": "€"
    },
    "productPrice": {
      "value": 1.45,
      "unit": "€"
    },
    "productPricePerUnit": {
      "value": 1.45,
      "unit": "€/l"
    },
    "productPriceWithLoyaltyCard": {
      "value": 1.29,
      "unit": "€"
    },
    "productPricePerUnitWithLoyaltyCard": {
      "value": 1.29,
      "unit": "€/l"
    },
    "imageUrl": "https://cdn.barbora.lv/products/377221f1-9f89-4bf0-9d2a-477206d64afc_s.png",
    "available": true,
    "discount": 11
  },
  {
    "shop": "RIMI",
    "categories": [
      2,
      2001,
      2001002
    ],
    "productName": "Baltmaize Rimi Beķera 300g",
    "productPriceOld": null,
    "productPrice": {
      "value": 0.39,
      "unit": "€/gab"
    },
    "productPricePerUnit": {
      "value": 1.3,
      "unit": "€/kg"
    },
    "productPriceWithLoyaltyCard": null,
    "productPricePerUnitWithLoyaltyCard": null,
    "imageUrl": "https://rimibaltic-res.cloudinary.com/image/upload/d_ecommerce:backend-fallback.png/MAT_810026_PCE_LV",
    "available": true,
    "discount": null
  },
  {
    "shop": "RIMI",
    "categories": [
      1,
      1002,
      10010024
    ],
    "productName": "Dzeramais ūdens Mangaļi sports 0,5l",
    "productPriceOld": null,
    "productPrice": {
      "value": 0.65,
      "unit": "€/gab"
    },
    "productPricePerUnit": {
      "value": 1.3,
      "unit": "€/l"
    },
    "productPriceWithLoyaltyCard": null,
    "productPricePerUnitWithLoyaltyCard": null,
    "imageUrl": "https://rimibaltic-res.cloudinary.com/image/upload/d_ecommerce:backend-fallback.png/MAT_113835_PCE_LV",
    "available": true,
    "discount": null
  },
  {
    "shop": "RIMI",
    "categories": [
      1,
      1002,
      10010023
    ],
    "productName": "Kvasa dzēriens Senču bezalkoholisks 0,5l",
    "productPriceOld": null,
    "productPrice": {
      "value": 0.65,
      "unit": "€/gab"
    },
    "productPricePerUnit": {
      "value": 1.3,
      "unit": "€/l"
    },
    "productPriceWithLoyaltyCard": null,
    "productPricePerUnitWithLoyaltyCard": null,
    "imageUrl": "https://rimibaltic-res.cloudinary.com/image/upload/d_ecommerce:backend-fallback.png/MAT_113861_PCE_LV",
    "available": true,
    "discount": null
  },
  {
    "shop": "RIMI",
    "categories": [
      1,
      1002,
      10010020
    ],
    "productName": "Baltās tējas dzēriens Pfanner 2l",
    "productPriceOld": null,
    "productPrice": {
      "value": 2.59,
      "unit": "€/gab"
    },
    "productPricePerUnit": {
      "value": 1.3,
      "unit": "€/l"
    },
    "productPriceWithLoyaltyCard": null,
    "productPricePerUnitWithLoyaltyCard": null,
    "imageUrl": "https://rimibaltic-res.cloudinary.com/image/upload/d_ecommerce:backend-fallback.png/MAT_1018368_PCE_LV",
    "available": true,
    "discount": null
  },
  {
    "shop": "RIMI",
    "categories": [
      1,
      1002,
      10010026
    ],
    "productName": "Ledus tēja Nestea  persiku g., bez cuk. 1,5l",
    "productPriceOld": null,
    "productPrice": {
      "value": 1.95,
      "unit": "€/gab"
    },
    "productPricePerUnit": {
      "value": 1.3,
      "unit": "€/l"
    },
    "productPriceWithLoyaltyCard": null,
    "productPricePerUnitWithLoyaltyCard": null,
    "imageUrl": "https://rimibaltic-res.cloudinary.com/image/upload/d_ecommerce:backend-fallback.png/MAT_1373332_PCE_LV",
    "available": true,
    "discount": null
  },
  {
    "shop": "RIMI",
    "categories": [
      1,
      1002,
      10010020
    ],
    "productName": "Zaļās tējas dzēriens Pfanner 2l",
    "productPriceOld": null,
    "productPrice": {
      "value": 2.59,
      "unit": "€/gab"
    },
    "productPricePerUnit": {
      "value": 1.3,
      "unit": "€/l"
    },
    "productPriceWithLoyaltyCard": null,
    "productPricePerUnitWithLoyaltyCard": null,
    "imageUrl": "https://rimibaltic-res.cloudinary.com/image/upload/d_ecommerce:backend-fallback.png/MAT_114056_PCE_LV",
    "available": true,
    "discount": null
  },
  {
    "shop": "RIMI",
    "categories": [
      1,
      1002,
      10010026
    ],
    "productName": "Ledus tēja Nestea meža ogu 1,5l",
    "productPriceOld": null,
    "productPrice": {
      "value": 1.95,
      "unit": "€/gab"
    },
    "productPricePerUnit": {
      "value": 1.3,
      "unit": "€/l"
    },
    "productPriceWithLoyaltyCard": null,
    "productPricePerUnitWithLoyaltyCard": null,
    "imageUrl": "https://rimibaltic-res.cloudinary.com/image/upload/d_ecommerce:backend-fallback.png/MAT_1368740_PCE_LV",
    "available": true,
    "discount": null
  },
  {
    "shop": "RIMI",
    "categories": [
      1,
      1002,
      10010026
    ],
    "productName": "Ledus tēja Nestea zaļā tēja citrusu 1,5l",
    "productPriceOld": null,
    "productPrice": {
      "value": 1.95,
      "unit": "€/gab"
    },
    "productPricePerUnit": {
      "value": 1.3,
      "unit": "€/l"
    },
    "productPriceWithLoyaltyCard": null,
    "productPricePerUnitWithLoyaltyCard": null,
    "imageUrl": "https://rimibaltic-res.cloudinary.com/image/upload/d_ecommerce:backend-fallback.png/MAT_1367055_PCE_LV",
    "available": true,
    "discount": null
  },
  {
    "shop": "MAXIMA",
    "categories": [
      1,
      1002,
      10010024
    ],
    "productName": "Dab.min.ūd. MANGAĻI-1 SPORTS neg.500ml D",
    "productPriceOld": null,
    "productPrice": {
      "value": 0.65,
      "unit": "€"
    },
    "productPricePerUnit": {
      "value": 1.3,
      "unit": "€/l"
    },
    "productPriceWithLoyaltyCard": null,
    "productPricePerUnitWithLoyaltyCard": null,
    "imageUrl": "https://cdn.barbora.lv/products/2cba31ff-dddb-4b42-9c00-8c4b4047025a_s.png",
    "available": true,
    "discount": null
  },
  {
    "shop": "MAXIMA",
    "categories": [
      1,
      1002,
      10010026
    ],
    "productName": "Ledus tēja NESTEA persiku 1,5L D",
    "productPriceOld": null,
    "productPrice": {
      "value": 1.95,
      "unit": "€"
    },
    "productPricePerUnit": {
      "value": 1.3,
      "unit": "€/l"
    },
    "productPriceWithLoyaltyCard": null,
    "productPricePerUnitWithLoyaltyCard": null,
    "imageUrl": "https://cdn.barbora.lv/products/f47a3926-c34b-400d-b8e4-3c6ac3caac31_s.png",
    "available": true,
    "discount": null
  },
  {
    "shop": "MAXIMA",
    "categories": [
      1,
      1002,
      10010026
    ],
    "productName": "Ledus tēja NESTEA citronu 1,5L PET D",
    "productPriceOld": null,
    "productPrice": {
      "value": 1.95,
      "unit": "€"
    },
    "productPricePerUnit": {
      "value": 1.3,
      "unit": "€/l"
    },
    "productPriceWithLoyaltyCard": null,
    "productPricePerUnitWithLoyaltyCard": null,
    "imageUrl": "https://cdn.barbora.lv/products/7099f030-68a4-4acd-a866-d07e5ab9ac5d_s.png",
    "available": true,
    "discount": null
  },
  {
    "shop": "MAXIMA",
    "categories": [
      1,
      1002,
      10010023
    ],
    "productName": "Kvasa dzēriens SENČU 0,5L D",
    "productPriceOld": null,
    "productPrice": {
      "value": 0.65,
      "unit": "€"
    },
    "productPricePerUnit": {
      "value": 1.3,
      "unit": "€/l"
    },
    "productPriceWithLoyaltyCard": null,
    "productPricePerUnitWithLoyaltyCard": null,
    "imageUrl": "https://cdn.barbora.lv/products/146d6ddd-0198-44d1-ba23-5702d09439d9_s.png",
    "available": true,
    "discount": null
  },
  {
    "shop": "MAXIMA",
    "categories": [
      1,
      1001,
      1001001
    ],
    "productName": "Alus LĀČPLĒSIS Gaišais 4,8% 0,5L sk.D",
    "productPriceOld": {
      "value": 1.01,
      "unit": "€"
    },
    "productPrice": {
      "value": 1.01,
      "unit": "€"
    },
    "productPricePerUnit": {
      "value": 2.02,
      "unit": "€/l"
    },
    "productPriceWithLoyaltyCard": {
      "value": 0.65,
      "unit": "€"
    },
    "productPricePerUnitWithLoyaltyCard": {
      "value": 1.3,
      "unit": "€/l"
    },
    "imageUrl": "https://cdn.barbora.lv/products/0aba363f-c983-43cd-9804-6a453749bc39_s.png",
    "available": true,
    "discount": 36
  },
  {
    "shop": "MAXIMA",
    "categories": [
      2,
      2001,
      2001002
    ],
    "productName": "Baltmaize MANA MAIZE 300g",
    "productPriceOld": null,
    "productPrice": {
      "value": 0.39,
      "unit": "€"
    },
    "productPricePerUnit": {
      "value": 1.3,
      "unit": "€/kg"
    },
    "productPriceWithLoyaltyCard": null,
    "productPricePerUnitWithLoyaltyCard": null,
    "imageUrl": "https://cdn.barbora.lv/products/c7b484ea-e089-43a7-8a12-613c812223ed_s.png",
    "available": true,
    "discount": null
  },
  {
    "shop": "MAXIMA",
    "categories": [
      2,
      2001,
      2001002
    ],
    "productName": "Baltmaize MANA MAIZE 500g",
    "productPriceOld": null,
    "productPrice": {
      "value": 0.65,
      "unit": "€"
    },
    "productPricePerUnit": {
      "value": 1.3,
      "unit": "€/kg"
    },
    "productPriceWithLoyaltyCard": null,
    "productPricePerUnitWithLoyaltyCard": null,
    "imageUrl": "https://cdn.barbora.lv/products/e465af2e-8f4c-41dc-ad78-9f41d53f8c25_s.png",
    "available": true,
    "discount": null
  },
  {
    "shop": "CITRO",
    "categories": [
      1,
      1002,
      10010023
    ],
    "productName": "IĻĢUCIEMA PORTER KVASS 1.5L",
    "productPriceOld": null,
    "productPrice": null,
    "productPricePerUnit": {
      "value": 1.3,
      "unit": "€/L"
    },
    "productPriceWithLoyaltyCard": null,
    "productPricePerUnitWithLoyaltyCard": null,
    "imageUrl": "https://rezekne.citro.lv/wp-content/uploads/2022/05/4750239004855-300x300.jpg",
    "available": true,
    "discount": null
  },
  {
    "shop": "CITRO",
    "categories": [
      1,
      1002,
      10010023
    ],
    "productName": "KVASS IĻĢUCIEMA 1.5L",
    "productPriceOld": null,
    "productPrice": null,
    "productPricePerUnit": {
      "value": 1.3,
      "unit": "€/L"
    },
    "productPriceWithLoyaltyCard": null,
    "productPricePerUnitWithLoyaltyCard": null,
    "imageUrl": "https://rezekne.citro.lv/wp-content/uploads/2022/08/4750239004824-300x300.jpg",
    "available": true,
    "discount": null
  },
  {
    "shop": "CITRO",
    "categories": [
      1,
      1002,
      10010023
    ],
    "productName": "KVASS BALTAIS NEFILTRĒTS RAUDZĒTS 1.5L PET",
    "productPriceOld": null,
    "productPrice": null,
    "productPricePerUnit": {
      "value": 1.3,
      "unit": "€/L"
    },
    "productPriceWithLoyaltyCard": null,
    "productPricePerUnitWithLoyaltyCard": null,
    "imageUrl": "https://rezekne.citro.lv/wp-content/uploads/2022/05/4750239004831-300x300.jpg",
    "available": true,
    "discount": null
  },
  {
    "shop": "CITRO",
    "categories": [
      1,
      1002,
      10010023
    ],
    "productName": "KVASS BALTAIS NEFILTRĒTS RAUDZĒTS 1.5L PET",
    "productPriceOld": null,
    "productPrice": null,
    "productPricePerUnit": {
      "value": 1.3,
      "unit": "€/L"
    },
    "productPriceWithLoyaltyCard": null,
    "productPricePerUnitWithLoyaltyCard": null,
    "imageUrl": "https://rezekne.citro.lv/wp-content/uploads/2022/05/4750239004831-300x300.jpg",
    "available": true,
    "discount": null
  },
  {
    "shop": "CITRO",
    "categories": [
      1,
      1002,
      10010023
    ],
    "productName": "KVASS NEFILTRĒTS 1.5L",
    "productPriceOld": null,
    "productPrice": null,
    "productPricePerUnit": {
      "value": 1.3,
      "unit": "€/L"
    },
    "productPriceWithLoyaltyCard": null,
    "productPricePerUnitWithLoyaltyCard": null,
    "imageUrl": "https://rezekne.citro.lv/wp-content/uploads/2022/05/4750239004848-300x300.jpg",
    "available": true,
    "discount": null
  },
  {
    "shop": "CITRO",
    "categories": [
      1,
      1002,
      10010023
    ],
    "productName": "KVASS ORIĢINĀLAIS RAUDZĒTS 0.5L PET",
    "productPriceOld": {
      "value": 0.79,
      "unit": "€"
    },
    "productPrice": {
      "value": 0.65,
      "unit": "€"
    },
    "productPricePerUnit": {
      "value": 1.3,
      "unit": "€/L"
    },
    "productPriceWithLoyaltyCard": null,
    "productPricePerUnitWithLoyaltyCard": null,
    "imageUrl": "https://rezekne.citro.lv/wp-content/uploads/2024/01/4750239004794-300x300.jpg",
    "available": true,
    "discount": 18
  },
  {
    "shop": "CITRO",
    "categories": [
      2,
      2001,
      2001002
    ],
    "productName": "BALTMAIZE ZEMNIEKU 300G",
    "productPriceOld": null,
    "productPrice": null,
    "productPricePerUnit": {
      "value": 1.3,
      "unit": "€/KG"
    },
    "productPriceWithLoyaltyCard": null,
    "productPricePerUnitWithLoyaltyCard": null,
    "imageUrl": "https://rezekne.citro.lv/wp-content/uploads/2024/01/4750192733199-300x300.jpg",
    "available": true,
    "discount": null
  },
  {
    "shop": "MAXIMA",
    "categories": [
      1,
      1002,
      10010021
    ],
    "productName": "Gāzēts dzēriens Sulunāde IĻĢUCIEMA ābolu 1,5L D",
    "productPriceOld": null,
    "productPrice": {
      "value": 1.97,
      "unit": "€"
    },
    "productPricePerUnit": {
      "value": 1.31,
      "unit": "€/l"
    },
    "productPriceWithLoyaltyCard": null,
    "productPricePerUnitWithLoyaltyCard": null,
    "imageUrl": "https://cdn.barbora.lv/products/063d4181-a0fb-4c39-8072-5d8a3d8c0b7e_s.png",
    "available": true,
    "discount": null
  },
  {
    "shop": "RIMI",
    "categories": [
      1,
      1002,
      10010021
    ],
    "productName": "Dzēriens Mangaļi Active Isotonic spēka 0,75l",
    "productPriceOld": null,
    "productPrice": {
      "value": 1.49,
      "unit": "€/gab"
    },
    "productPricePerUnit": {
      "value": 1.99,
      "unit": "€/l"
    },
    "productPriceWithLoyaltyCard": {
      "value": 0.99,
      "unit": "€"
    },
    "productPricePerUnitWithLoyaltyCard": {
      "value": 1.32,
      "unit": "€/l"
    },
    "imageUrl": "https://rimibaltic-res.cloudinary.com/image/upload/d_ecommerce:backend-fallback.png/MAT_1358033_PCE_LV",
    "available": true,
    "discount": 34
  },
  {
    "shop": "MAXIMA",
    "categories": [
      2,
      2001,
      2001004
    ],
    "productName": "Formas maize MANA MAIZE 600g",
    "productPriceOld": null,
    "productPrice": {
      "value": 0.79,
      "unit": "€"
    },
    "productPricePerUnit": {
      "value": 1.32,
      "unit": "€/kg"
    },
    "productPriceWithLoyaltyCard": null,
    "productPricePerUnitWithLoyaltyCard": null,
    "imageUrl": "https://cdn.barbora.lv/products/27e2cc76-7ab1-46a6-8a31-ed5899e8ab00_s.png",
    "available": true,
    "discount": null
  },
  {
    "shop": "RIMI",
    "categories": [
      1,
      1002,
      10010020
    ],
    "productName": "Sula ābolu Fruti Go 100% 3l",
    "productPriceOld": null,
    "productPrice": {
      "value": 3.99,
      "unit": "€/gab"
    },
    "productPricePerUnit": {
      "value": 1.33,
      "unit": "€/l"
    },
    "productPriceWithLoyaltyCard": null,
    "productPricePerUnitWithLoyaltyCard": null,
    "imageUrl": "https://rimibaltic-res.cloudinary.com/image/upload/d_ecommerce:backend-fallback.png/MAT_185932_PCE_LV",
    "available": true,
    "discount": null
  },
  {
    "shop": "RIMI",
    "categories": [
      1,
      1002,
      10010020
    ],
    "productName": "Sula ābolu bumbieru 100% 3l",
    "productPriceOld": null,
    "productPrice": {
      "value": 3.99,
      "unit": "€/gab"
    },
    "productPricePerUnit": {
      "value": 1.33,
      "unit": "€/l"
    },
    "productPriceWithLoyaltyCard": null,
    "productPricePerUnitWithLoyaltyCard": null,
    "imageUrl": "https://rimibaltic-res.cloudinary.com/image/upload/d_ecommerce:backend-fallback.png/MAT_194905_PCE_LV",
    "available": true,
    "discount": null
  },
  {
    "shop": "RIMI",
    "categories": [
      1,
      1002,
      10010023
    ],
    "productName": "Kvass Iļģuciema nefiltrēts 1,5l",
    "productPriceOld": null,
    "productPrice": {
      "value": 1.99,
      "unit": "€/gab"
    },
    "productPricePerUnit": {
      "value": 1.33,
      "unit": "€/l"
    },
    "productPriceWithLoyaltyCard": null,
    "productPricePerUnitWithLoyaltyCard": null,
    "imageUrl": "https://rimibaltic-res.cloudinary.com/image/upload/d_ecommerce:backend-fallback.png/MAT_1357481_PCE_LV",
    "available": true,
    "discount": null
  },
  {
    "shop": "RIMI",
    "categories": [
      1,
      1002,
      10010023
    ],
    "productName": "Kvass Iļģuciema 1,5l",
    "productPriceOld": null,
    "productPrice": {
      "value": 1.99,
      "unit": "€/gab"
    },
    "productPricePerUnit": {
      "value": 1.33,
      "unit": "€/l"
    },
    "productPriceWithLoyaltyCard": null,
    "productPricePerUnitWithLoyaltyCard": null,
    "imageUrl": "https://rimibaltic-res.cloudinary.com/image/upload/d_ecommerce:backend-fallback.png/MAT_123492_PCE_LV",
    "available": true,
    "discount": null
  },
  {
    "shop": "RIMI",
    "categories": [
      1,
      1002,
      10010021
    ],
    "productName": "Gāzēts dzēriens Pepsi Laims 1,5l",
    "productPriceOld": null,
    "productPrice": {
      "value": 2.29,
      "unit": "€/gab"
    },
    "productPricePerUnit": {
      "value": 1.53,
      "unit": "€/l"
    },
    "productPriceWithLoyaltyCard": {
      "value": 1.99,
      "unit": "€"
    },
    "productPricePerUnitWithLoyaltyCard": {
      "value": 1.33,
      "unit": "€/l"
    },
    "imageUrl": "https://rimibaltic-res.cloudinary.com/image/upload/d_ecommerce:backend-fallback.png/MAT_1365647_PCE_LV",
    "available": true,
    "discount": 13
  },
  {
    "shop": "RIMI",
    "categories": [
      1,
      1002,
      10010023
    ],
    "productName": "Kvass Porter Iļģuciems 1,5L",
    "productPriceOld": null,
    "productPrice": {
      "value": 1.99,
      "unit": "€/gab"
    },
    "productPricePerUnit": {
      "value": 1.33,
      "unit": "€/l"
    },
    "productPriceWithLoyaltyCard": null,
    "productPricePerUnitWithLoyaltyCard": null,
    "imageUrl": "https://rimibaltic-res.cloudinary.com/image/upload/d_ecommerce:backend-fallback.png/MAT_1354550_PCE_LV",
    "available": true,
    "discount": null
  },
  {
    "shop": "RIMI",
    "categories": [
      1,
      1002,
      10010023
    ],
    "productName": "Kvass baltais 1,5l",
    "productPriceOld": null,
    "productPrice": {
      "value": 1.99,
      "unit": "€/gab"
    },
    "productPricePerUnit": {
      "value": 1.33,
      "unit": "€/l"
    },
    "productPriceWithLoyaltyCard": null,
    "productPricePerUnitWithLoyaltyCard": null,
    "imageUrl": "https://rimibaltic-res.cloudinary.com/image/upload/d_ecommerce:backend-fallback.png/MAT_1365321_PCE_LV",
    "available": true,
    "discount": null
  },
  {
    "shop": "RIMI",
    "categories": [
      1,
      1002,
      10010024
    ],
    "productName": "Minerālūdens Aqualar ph9+ negāzēts 1,5l",
    "productPriceOld": null,
    "productPrice": {
      "value": 1.99,
      "unit": "€/gab"
    },
    "productPricePerUnit": {
      "value": 1.33,
      "unit": "€/l"
    },
    "productPriceWithLoyaltyCard": null,
    "productPricePerUnitWithLoyaltyCard": null,
    "imageUrl": "https://rimibaltic-res.cloudinary.com/image/upload/d_ecommerce:backend-fallback.png/MAT_1358635_PCE_LV",
    "available": true,
    "discount": null
  },
  {
    "shop": "RIMI",
    "categories": [
      1,
      1002,
      10010024
    ],
    "productName": "Minerālūdens Aqua Panna negāzēts 1,5l",
    "productPriceOld": null,
    "productPrice": {
      "value": 1.99,
      "unit": "€/gab"
    },
    "productPricePerUnit": {
      "value": 1.33,
      "unit": "€/l"
    },
    "productPriceWithLoyaltyCard": null,
    "productPricePerUnitWithLoyaltyCard": null,
    "imageUrl": "https://rimibaltic-res.cloudinary.com/image/upload/d_ecommerce:backend-fallback.png/MAT_1354571_PCE_LV",
    "available": true,
    "discount": null
  },
  {
    "shop": "RIMI",
    "categories": [
      1,
      1002,
      10010020
    ],
    "productName": "Sulas dzēriens Cido Frutto multiaugļu 1,5l",
    "productPriceOld": null,
    "productPrice": {
      "value": 2.39,
      "unit": "€/gab"
    },
    "productPricePerUnit": {
      "value": 1.59,
      "unit": "€/l"
    },
    "productPriceWithLoyaltyCard": {
      "value": 1.99,
      "unit": "€"
    },
    "productPricePerUnitWithLoyaltyCard": {
      "value": 1.33,
      "unit": "€/l"
    },
    "imageUrl": "https://rimibaltic-res.cloudinary.com/image/upload/d_ecommerce:backend-fallback.png/MAT_1355541_PCE_LV",
    "available": true,
    "discount": 17
  },
  {
    "shop": "RIMI",
    "categories": [
      1,
      1002,
      10010027
    ],
    "productName": "Iesala dzēriens Iļģuciema oriģinālais 1,5l",
    "productPriceOld": null,
    "productPrice": {
      "value": 1.99,
      "unit": "€/gab"
    },
    "productPricePerUnit": {
      "value": 1.33,
      "unit": "€/l"
    },
    "productPriceWithLoyaltyCard": null,
    "productPricePerUnitWithLoyaltyCard": null,
    "imageUrl": "https://rimibaltic-res.cloudinary.com/image/upload/d_ecommerce:backend-fallback.png/MAT_1355428_PCE_LV",
    "available": true,
    "discount": null
  },
  {
    "shop": "RIMI",
    "categories": [
      1,
      1002,
      10010023
    ],
    "productName": "Kvass Tērvete Saimes 1,5l",
    "productPriceOld": null,
    "productPrice": {
      "value": 1.99,
      "unit": "€/gab"
    },
    "productPricePerUnit": {
      "value": 1.33,
      "unit": "€/l"
    },
    "productPriceWithLoyaltyCard": null,
    "productPricePerUnitWithLoyaltyCard": null,
    "imageUrl": "https://rimibaltic-res.cloudinary.com/image/upload/d_ecommerce:backend-fallback.png/MAT_1371355_PCE_LV",
    "available": true,
    "discount": null
  },
  {
    "shop": "RIMI",
    "categories": [
      1,
      1002,
      10010023
    ],
    "productName": "Kvass Iļģuciema Dzeltenā Muca 1,5L",
    "productPriceOld": null,
    "productPrice": {
      "value": 1.99,
      "unit": "€/gab"
    },
    "productPricePerUnit": {
      "value": 1.33,
      "unit": "€/l"
    },
    "productPriceWithLoyaltyCard": null,
    "productPricePerUnitWithLoyaltyCard": null,
    "imageUrl": "https://rimibaltic-res.cloudinary.com/image/upload/d_ecommerce:backend-fallback.png/MAT_1371418_PCE_LV",
    "available": true,
    "discount": null
  },
  {
    "shop": "MAXIMA",
    "categories": [
      1,
      1002,
      10010021
    ],
    "productName": "Gāzēts dzēriens MAGNESIA RED aveņu 1,5L D",
    "productPriceOld": null,
    "productPrice": {
      "value": 1.99,
      "unit": "€"
    },
    "productPricePerUnit": {
      "value": 1.33,
      "unit": "€/l"
    },
    "productPriceWithLoyaltyCard": null,
    "productPricePerUnitWithLoyaltyCard": null,
    "imageUrl": "https://cdn.barbora.lv/products/3f66e3fc-2ea8-4ca5-a7c7-d4b14e14757a_s.png",
    "available": true,
    "discount": null
  },
  {
    "shop": "MAXIMA",
    "categories": [
      1,
      1002,
      10010021
    ],
    "productName": "Gāzēts dzēriens MAGNESIA RED greipfrūtu 1,5L D",
    "productPriceOld": null,
    "productPrice": {
      "value": 1.99,
      "unit": "€"
    },
    "productPricePerUnit": {
      "value": 1.33,
      "unit": "€/l"
    },
    "productPriceWithLoyaltyCard": null,
    "productPricePerUnitWithLoyaltyCard": null,
    "imageUrl": "https://cdn.barbora.lv/products/4b7e77bd-ca99-4869-8c2d-af26f28e24d5_s.png",
    "available": true,
    "discount": null
  },
  {
    "shop": "MAXIMA",
    "categories": [
      1,
      1002,
      10010023
    ],
    "productName": "Kvass IĻĢUCIEMA Oriģinālais 1,5L D",
    "productPriceOld": null,
    "productPrice": {
      "value": 1.99,
      "unit": "€"
    },
    "productPricePerUnit": {
      "value": 1.33,
      "unit": "€/l"
    },
    "productPriceWithLoyaltyCard": null,
    "productPricePerUnitWithLoyaltyCard": null,
    "imageUrl": "https://cdn.barbora.lv/products/7bb0be88-9383-4622-9448-32bc946ee052_s.png",
    "available": true,
    "discount": null
  },
  {
    "shop": "MAXIMA",
    "categories": [
      1,
      1002,
      10010023
    ],
    "productName": "Kvass IĻĢUCIEMA Porter 1,5L D",
    "productPriceOld": null,
    "productPrice": {
      "value": 1.99,
      "unit": "€"
    },
    "productPricePerUnit": {
      "value": 1.33,
      "unit": "€/l"
    },
    "productPriceWithLoyaltyCard": null,
    "productPricePerUnitWithLoyaltyCard": null,
    "imageUrl": "https://cdn.barbora.lv/products/f022f907-7bdb-48ea-818e-6569b941b8a4_s.png",
    "available": true,
    "discount": null
  },
  {
    "shop": "MAXIMA",
    "categories": [
      1,
      1002,
      10010023
    ],
    "productName": "Kvass IĻĢUCIEMA nefiltrēts 1,5L D",
    "productPriceOld": null,
    "productPrice": {
      "value": 1.99,
      "unit": "€"
    },
    "productPricePerUnit": {
      "value": 1.33,
      "unit": "€/l"
    },
    "productPriceWithLoyaltyCard": null,
    "productPricePerUnitWithLoyaltyCard": null,
    "imageUrl": "https://cdn.barbora.lv/products/673ef2f6-4c70-4b87-8ce4-a3e5d92e7314_s.png",
    "available": true,
    "discount": null
  },
  {
    "shop": "MAXIMA",
    "categories": [
      1,
      1002,
      10010023
    ],
    "productName": "Kvass IĻĢUCIEMA baltais 1,5L PET D",
    "productPriceOld": null,
    "productPrice": {
      "value": 1.99,
      "unit": "€"
    },
    "productPricePerUnit": {
      "value": 1.33,
      "unit": "€/l"
    },
    "productPriceWithLoyaltyCard": null,
    "productPricePerUnitWithLoyaltyCard": null,
    "imageUrl": "https://cdn.barbora.lv/products/8f3ee7e5-1ead-4f7a-b31c-4e943bb3fde7_s.png",
    "available": true,
    "discount": null
  },
  {
    "shop": "MAXIMA",
    "categories": [
      1,
      1002,
      10010023
    ],
    "productName": "Kvass TĒRVETE GODU 1,5L PET D",
    "productPriceOld": null,
    "productPrice": {
      "value": 1.99,
      "unit": "€"
    },
    "productPricePerUnit": {
      "value": 1.33,
      "unit": "€/l"
    },
    "productPriceWithLoyaltyCard": null,
    "productPricePerUnitWithLoyaltyCard": null,
    "imageUrl": "https://cdn.barbora.lv/products/4c41e190-4ade-481f-842a-db33f72ee74e_s.png",
    "available": true,
    "discount": null
  },
  {
    "shop": "MAXIMA",
    "categories": [
      1,
      1002,
      10010021
    ],
    "productName": "Gāz.dzēriens ORN CRAFT Rose 1,5L PET D",
    "productPriceOld": null,
    "productPrice": {
      "value": 1.99,
      "unit": "€"
    },
    "productPricePerUnit": {
      "value": 1.33,
      "unit": "€/l"
    },
    "productPriceWithLoyaltyCard": null,
    "productPricePerUnitWithLoyaltyCard": null,
    "imageUrl": "https://cdn.barbora.lv/products/79d2a3cc-dfeb-45c0-9730-e7b0668ccc1a_s.png",
    "available": true,
    "discount": null
  },
  {
    "shop": "MAXIMA",
    "categories": [
      1,
      1002,
      10010023
    ],
    "productName": "Kvass IĻĢUCIEMA Dzeltenā Muca 1,5L D",
    "productPriceOld": null,
    "productPrice": {
      "value": 1.99,
      "unit": "€"
    },
    "productPricePerUnit": {
      "value": 1.33,
      "unit": "€/l"
    },
    "productPriceWithLoyaltyCard": null,
    "productPricePerUnitWithLoyaltyCard": null,
    "imageUrl": "https://cdn.barbora.lv/products/c139d068-8c00-4e51-b0d6-96b964f24e4b_s.png",
    "available": true,
    "discount": null
  },
  {
    "shop": "MAXIMA",
    "categories": [
      1,
      1002,
      10010023
    ],
    "productName": "Kvass TĒRVETE SAIMES 1,5L PET D",
    "productPriceOld": null,
    "productPrice": {
      "value": 1.99,
      "unit": "€"
    },
    "productPricePerUnit": {
      "value": 1.33,
      "unit": "€/l"
    },
    "productPriceWithLoyaltyCard": null,
    "productPricePerUnitWithLoyaltyCard": null,
    "imageUrl": "https://cdn.barbora.lv/products/b4f7da9d-4911-4a89-a2e0-9ceb3ff79ec9_s.png",
    "available": true,
    "discount": null
  },
  {
    "shop": "MAXIMA",
    "categories": [
      1,
      1002,
      10010020
    ],
    "productName": "Sula WELL DONE Ābolu-Bumbieru 3L BIB",
    "productPriceOld": null,
    "productPrice": {
      "value": 3.99,
      "unit": "€"
    },
    "productPricePerUnit": {
      "value": 1.33,
      "unit": "€/l"
    },
    "productPriceWithLoyaltyCard": null,
    "productPricePerUnitWithLoyaltyCard": null,
    "imageUrl": "https://cdn.barbora.lv/products/ab2e73fa-7e59-4954-a637-1e33880ced0f_s.png",
    "available": true,
    "discount": null
  },
  {
    "shop": "MAXIMA",
    "categories": [
      1,
      1002,
      10010020
    ],
    "productName": "Sula WELL DONE Ābolu 3L BIB",
    "productPriceOld": null,
    "productPrice": {
      "value": 3.99,
      "unit": "€"
    },
    "productPricePerUnit": {
      "value": 1.33,
      "unit": "€/l"
    },
    "productPriceWithLoyaltyCard": null,
    "productPricePerUnitWithLoyaltyCard": null,
    "imageUrl": "https://cdn.barbora.lv/products/c616c646-ba1a-4ab8-a05d-d7e5a5867960_s.png",
    "available": true,
    "discount": null
  },
  {
    "shop": "CITRO",
    "categories": [
      1,
      1002,
      10010021
    ],
    "productName": "DZĒRIENS GĀZ. COCA-COLA 1.5L PET",
    "productPriceOld": {
      "value": 2.39,
      "unit": "€"
    },
    "productPrice": {
      "value": 1.99,
      "unit": "€"
    },
    "productPricePerUnit": {
      "value": 1.33,
      "unit": "€/L"
    },
    "productPriceWithLoyaltyCard": null,
    "productPricePerUnitWithLoyaltyCard": null,
    "imageUrl": "https://rezekne.citro.lv/wp-content/uploads/2024/10/5000112651324-300x300.jpg",
    "available": true,
    "discount": 17
  },
  {
    "shop": "CITRO",
    "categories": [
      1,
      1002,
      10010021
    ],
    "productName": "DZĒRIENS GĀZ. FANTA ORANGE 1.5L PET",
    "productPriceOld": {
      "value": 2.39,
      "unit": "€"
    },
    "productPrice": {
      "value": 1.99,
      "unit": "€"
    },
    "productPricePerUnit": {
      "value": 1.33,
      "unit": "€/L"
    },
    "productPriceWithLoyaltyCard": null,
    "productPricePerUnitWithLoyaltyCard": null,
    "imageUrl": "https://rezekne.citro.lv/wp-content/uploads/2024/10/5000112651669-300x300.jpg",
    "available": true,
    "discount": 17
  },
  {
    "shop": "CITRO",
    "categories": [
      1,
      1002,
      10010027
    ],
    "productName": "DZĒRIENS FRUTTO VASARAS OGU MIX 1.5L",
    "productPriceOld": null,
    "productPrice": null,
    "productPricePerUnit": {
      "value": 1.33,
      "unit": "€/L"
    },
    "productPriceWithLoyaltyCard": null,
    "productPricePerUnitWithLoyaltyCard": null,
    "imageUrl": "https://rezekne.citro.lv/wp-content/uploads/2021/04/4750042000167-300x300.jpg",
    "available": true,
    "discount": null
  },
  {
    "shop": "CITRO",
    "categories": [
      1,
      1002,
      10010020
    ],
    "productName": "SULAS DZĒRIENS FRUTTO AUGĻU DĀRZA MIX 1.5L",
    "productPriceOld": null,
    "productPrice": null,
    "productPricePerUnit": {
      "value": 1.33,
      "unit": "€/L"
    },
    "productPriceWithLoyaltyCard": null,
    "productPricePerUnitWithLoyaltyCard": null,
    "imageUrl": "https://rezekne.citro.lv/wp-content/uploads/2020/12/4750042000150-300x300.jpg",
    "available": true,
    "discount": null
  },
  {
    "shop": "CITRO",
    "categories": [
      1,
      1002,
      10010020
    ],
    "productName": "SULAS DZĒRIENS FRUTTO MULTIAUGĻU 15% 1.5L",
    "productPriceOld": null,
    "productPrice": null,
    "productPricePerUnit": {
      "value": 1.33,
      "unit": "€/L"
    },
    "productPriceWithLoyaltyCard": null,
    "productPricePerUnitWithLoyaltyCard": null,
    "imageUrl": "https://rezekne.citro.lv/wp-content/uploads/2020/12/4750042000143-300x300.jpg",
    "available": true,
    "discount": null
  },
  {
    "shop": "CITRO",
    "categories": [
      1,
      1002,
      10010023
    ],
    "productName": "KVASS DZELTENĀ MUCA ĪSTAIS 1.5L",
    "productPriceOld": null,
    "productPrice": null,
    "productPricePerUnit": {
      "value": 1.33,
      "unit": "€/L"
    },
    "productPriceWithLoyaltyCard": null,
    "productPricePerUnitWithLoyaltyCard": null,
    "imageUrl": "https://rezekne.citro.lv/wp-content/uploads/2025/01/4750239004862-300x300.jpg",
    "available": true,
    "discount": null
  },
  {
    "shop": "CITRO",
    "categories": [
      1,
      1002,
      10010021
    ],
    "productName": "DZĒRIENS PEPSI COLA GĀZ. 1.5L PET",
    "productPriceOld": null,
    "productPrice": null,
    "productPricePerUnit": {
      "value": 1.33,
      "unit": "€/L"
    },
    "productPriceWithLoyaltyCard": null,
    "productPricePerUnitWithLoyaltyCard": null,
    "imageUrl": "https://rezekne.citro.lv/wp-content/uploads/2022/04/4770477231615-300x300.jpg",
    "available": true,
    "discount": null
  },
  {
    "shop": "CITRO",
    "categories": [
      1,
      1002,
      10010021
    ],
    "productName": "DZĒRIENS PEPSI MAX BEZKALORIJU GĀZĒTS 1.5L PET",
    "productPriceOld": null,
    "productPrice": null,
    "productPricePerUnit": {
      "value": 1.33,
      "unit": "€/L"
    },
    "productPriceWithLoyaltyCard": null,
    "productPricePerUnitWithLoyaltyCard": null,
    "imageUrl": "https://rezekne.citro.lv/wp-content/uploads/2022/05/4770477231622-300x300.jpg",
    "available": true,
    "discount": null
  },
  {
    "shop": "CITRO",
    "categories": [
      1,
      1002,
      10010021
    ],
    "productName": "DZĒRIENS GĀZ. SPRITE 1.5L PET",
    "productPriceOld": {
      "value": 2.39,
      "unit": "€"
    },
    "productPrice": {
      "value": 1.99,
      "unit": "€"
    },
    "productPricePerUnit": {
      "value": 1.33,
      "unit": "€/L"
    },
    "productPriceWithLoyaltyCard": null,
    "productPricePerUnitWithLoyaltyCard": null,
    "imageUrl": "https://rezekne.citro.lv/wp-content/uploads/2024/10/5000112651904-300x300.jpg",
    "available": true,
    "discount": 17
  },
  {
    "shop": "CITRO",
    "categories": [
      1,
      1002,
      10010021
    ],
    "productName": "DZĒRIENS GĀZ. COCA-COLA ZERO 1.5L PET",
    "productPriceOld": {
      "value": 2.39,
      "unit": "€"
    },
    "productPrice": {
      "value": 1.99,
      "unit": "€"
    },
    "productPricePerUnit": {
      "value": 1.33,
      "unit": "€/L"
    },
    "productPriceWithLoyaltyCard": null,
    "productPricePerUnitWithLoyaltyCard": null,
    "imageUrl": "https://rezekne.citro.lv/wp-content/uploads/2022/03/5000112651331-300x300.jpg",
    "available": true,
    "discount": 17
  },
  {
    "shop": "RIMI",
    "categories": [
      1,
      1001,
      1001001
    ],
    "productName": "Gaišais alus Walter 4,2% 0,5l",
    "productPriceOld": null,
    "productPrice": {
      "value": 0.67,
      "unit": "€/gab"
    },
    "productPricePerUnit": {
      "value": 1.34,
      "unit": "€/l"
    },
    "productPriceWithLoyaltyCard": null,
    "productPricePerUnitWithLoyaltyCard": null,
    "imageUrl": "https://rimibaltic-res.cloudinary.com/image/upload/d_ecommerce:backend-fallback.png/MAT_1369191_PCE_LV",
    "available": true,
    "discount": null
  },
  {
    "shop": "MAXIMA",
    "categories": [
      1,
      1002,
      10010022
    ],
    "productName": "Enerģijas dzēriens REV UP Classic 1L PET D",
    "productPriceOld": null,
    "productPrice": {
      "value": 1.34,
      "unit": "€"
    },
    "productPricePerUnit": {
      "value": 1.34,
      "unit": "€/l"
    },
    "productPriceWithLoyaltyCard": null,
    "productPricePerUnitWithLoyaltyCard": null,
    "imageUrl": "https://cdn.barbora.lv/products/37fae6a7-57ef-4ee5-af6a-c5cc2a97bbd9_s.png",
    "available": true,
    "discount": null
  },
  {
    "shop": "MAXIMA",
    "categories": [
      1,
      1001,
      1001001
    ],
    "productName": "Alus CRONUS Lager 4% 0,5L sk.D",
    "productPriceOld": null,
    "productPrice": {
      "value": 0.67,
      "unit": "€"
    },
    "productPricePerUnit": {
      "value": 1.34,
      "unit": "€/l"
    },
    "productPriceWithLoyaltyCard": null,
    "productPricePerUnitWithLoyaltyCard": null,
    "imageUrl": "https://cdn.barbora.lv/products/4cab62e5-5a58-4d54-8f65-7d74ed9b16d0_s.png",
    "available": true,
    "discount": null
  },
  {
    "shop": "RIMI",
    "categories": [
      1,
      1002,
      10010025
    ],
    "productName": "Sīrups Rimi Smart meža zemeņu 1l",
    "productPriceOld": null,
    "productPrice": {
      "value": 1.35,
      "unit": "€/gab"
    },
    "productPricePerUnit": {
      "value": 1.35,
      "unit": "€/l"
    },
    "productPriceWithLoyaltyCard": null,
    "productPricePerUnitWithLoyaltyCard": null,
    "imageUrl": "https://rimibaltic-res.cloudinary.com/image/upload/d_ecommerce:backend-fallback.png/MAT_814761_PCE_LV",
    "available": true,
    "discount": null
  },
  {
    "shop": "RIMI",
    "categories": [
      1,
      1002,
      10010025
    ],
    "productName": "Sīrups Rimi Smart ķiršu 1l",
    "productPriceOld": null,
    "productPrice": {
      "value": 1.35,
      "unit": "€/gab"
    },
    "productPricePerUnit": {
      "value": 1.35,
      "unit": "€/l"
    },
    "productPriceWithLoyaltyCard": null,
    "productPricePerUnitWithLoyaltyCard": null,
    "imageUrl": "https://rimibaltic-res.cloudinary.com/image/upload/d_ecommerce:backend-fallback.png/MAT_814759_PCE_LV",
    "available": true,
    "discount": null
  },
  {
    "shop": "MAXIMA",
    "categories": [
      1,
      1002,
      10010020
    ],
    "productName": "Nektārs PFANNER multivitamīnu 2L",
    "productPriceOld": {
      "value": 4.39,
      "unit": "€"
    },
    "productPrice": {
      "value": 4.39,
      "unit": "€"
    },
    "productPricePerUnit": {
      "value": 2.2,
      "unit": "€/l"
    },
    "productPriceWithLoyaltyCard": {
      "value": 2.69,
      "unit": "€"
    },
    "productPricePerUnitWithLoyaltyCard": {
      "value": 1.35,
      "unit": "€/l"
    },
    "imageUrl": "https://cdn.barbora.lv/products/e98314aa-b240-4c2d-bac2-d6b04ded68ba_s.png",
    "available": true,
    "discount": 39
  },
  {
    "shop": "MAXIMA",
    "categories": [
      1,
      1002,
      10010020
    ],
    "productName": "Sulas dzēriens PFANNER BCE ogu 2L",
    "productPriceOld": {
      "value": 4.39,
      "unit": "€"
    },
    "productPrice": {
      "value": 4.39,
      "unit": "€"
    },
    "productPricePerUnit": {
      "value": 2.2,
      "unit": "€/l"
    },
    "productPriceWithLoyaltyCard": {
      "value": 2.69,
      "unit": "€"
    },
    "productPricePerUnitWithLoyaltyCard": {
      "value": 1.35,
      "unit": "€/l"
    },
    "imageUrl": "https://cdn.barbora.lv/products/ca680473-89ba-448f-a2e9-ee5fbad5e2af_s.png",
    "available": true,
    "discount": 39
  },
  {
    "shop": "MAXIMA",
    "categories": [
      1,
      1001,
      1001001
    ],
    "productName": "Alus LĀČPLĒSIS Dzintara 4,8% 1L PET D",
    "productPriceOld": {
      "value": 2.24,
      "unit": "€"
    },
    "productPrice": {
      "value": 2.24,
      "unit": "€"
    },
    "productPricePerUnit": {
      "value": 2.24,
      "unit": "€/l"
    },
    "productPriceWithLoyaltyCard": {
      "value": 1.35,
      "unit": "€"
    },
    "productPricePerUnitWithLoyaltyCard": {
      "value": 1.35,
      "unit": "€/l"
    },
    "imageUrl": "https://cdn.barbora.lv/products/806dafbc-a936-43d2-bb3d-50c00aa9e9de_s.png",
    "available": true,
    "discount": 40
  },
  {
    "shop": "RIMI",
    "categories": [
      1,
      1002,
      10010020
    ],
    "productName": "Sulas dzēriens Cido Frutto vasaras ogu 1,5l",
    "productPriceOld": null,
    "productPrice": {
      "value": 2.39,
      "unit": "€/gab"
    },
    "productPricePerUnit": {
      "value": 1.59,
      "unit": "€/l"
    },
    "productPriceWithLoyaltyCard": {
      "value": 2.05,
      "unit": "€"
    },
    "productPricePerUnitWithLoyaltyCard": {
      "value": 1.37,
      "unit": "€/l"
    },
    "imageUrl": "https://rimibaltic-res.cloudinary.com/image/upload/d_ecommerce:backend-fallback.png/MAT_156978_PCE_LV",
    "available": true,
    "discount": 14
  },
  {
    "shop": "RIMI",
    "categories": [
      1,
      1003,
      1003001
    ],
    "productName": "Alus Beerville bezalkoholiskais 0,5l",
    "productPriceOld": {
      "value": 0.84,
      "unit": "€"
    },
    "productPrice": {
      "value": 0.69,
      "unit": "€/gab"
    },
    "productPricePerUnit": {
      "value": 1.38,
      "unit": "€/l"
    },
    "productPriceWithLoyaltyCard": null,
    "productPricePerUnitWithLoyaltyCard": null,
    "imageUrl": "https://rimibaltic-res.cloudinary.com/image/upload/d_ecommerce:backend-fallback.png/MAT_1371565_PCE_LV",
    "available": true,
    "discount": 18
  },
  {
    "shop": "RIMI",
    "categories": [
      1,
      1002,
      10010024
    ],
    "productName": "Dabīgais minerālūdens 885 negāzēts 0,5l",
    "productPriceOld": null,
    "productPrice": {
      "value": 0.69,
      "unit": "€/gab"
    },
    "productPricePerUnit": {
      "value": 1.38,
      "unit": "€/l"
    },
    "productPriceWithLoyaltyCard": null,
    "productPricePerUnitWithLoyaltyCard": null,
    "imageUrl": "https://rimibaltic-res.cloudinary.com/image/upload/d_ecommerce:backend-fallback.png/MAT_1369338_PCE_LV",
    "available": true,
    "discount": null
  },
  {
    "shop": "RIMI",
    "categories": [
      1,
      1002,
      10010024
    ],
    "productName": "Dabīgais minerālūdens 885 gāzēts 0,5l",
    "productPriceOld": null,
    "productPrice": {
      "value": 0.69,
      "unit": "€/gab"
    },
    "productPricePerUnit": {
      "value": 1.38,
      "unit": "€/l"
    },
    "productPriceWithLoyaltyCard": null,
    "productPricePerUnitWithLoyaltyCard": null,
    "imageUrl": "https://rimibaltic-res.cloudinary.com/image/upload/d_ecommerce:backend-fallback.png/MAT_1369328_PCE_LV",
    "available": true,
    "discount": null
  },
  {
    "shop": "MAXIMA",
    "categories": [
      1,
      1002,
      10010027
    ],
    "productName": "Neg.dzēriens FRUTS burk.trop.aug.0,5L D",
    "productPriceOld": {
      "value": 0.99,
      "unit": "€"
    },
    "productPrice": {
      "value": 0.69,
      "unit": "€"
    },
    "productPricePerUnit": {
      "value": 1.38,
      "unit": "€/l"
    },
    "productPriceWithLoyaltyCard": null,
    "productPricePerUnitWithLoyaltyCard": null,
    "imageUrl": "https://cdn.barbora.lv/products/36b5f95c-f077-456f-8c7e-3b97f697c597_s.png",
    "available": true,
    "discount": 30
  },
  {
    "shop": "MAXIMA",
    "categories": [
      1,
      1002,
      10010027
    ],
    "productName": "Neg.dzēriens FRUTS sark.ogu 0,5L D",
    "productPriceOld": {
      "value": 0.99,
      "unit": "€"
    },
    "productPrice": {
      "value": 0.69,
      "unit": "€"
    },
    "productPricePerUnit": {
      "value": 1.38,
      "unit": "€/l"
    },
    "productPriceWithLoyaltyCard": null,
    "productPricePerUnitWithLoyaltyCard": null,
    "imageUrl": "https://cdn.barbora.lv/products/7855f8dc-8244-415d-9b2c-a763d34a7df0_s.png",
    "available": true,
    "discount": 30
  },
  {
    "shop": "MAXIMA",
    "categories": [
      1,
      1002,
      10010021
    ],
    "productName": "Gāzēts dzēriens ENJOY citronu-zemeņu-piparmētru 0,5L D",
    "productPriceOld": {
      "value": 0.99,
      "unit": "€"
    },
    "productPrice": {
      "value": 0.69,
      "unit": "€"
    },
    "productPricePerUnit": {
      "value": 1.38,
      "unit": "€/l"
    },
    "productPriceWithLoyaltyCard": null,
    "productPricePerUnitWithLoyaltyCard": null,
    "imageUrl": "https://cdn.barbora.lv/products/f10db885-d856-4ea4-9b49-5464eb88546f_s.png",
    "available": true,
    "discount": 30
  },
  {
    "shop": "MAXIMA",
    "categories": [
      1,
      1002,
      10010021
    ],
    "productName": "Gāzēts dzēriens ENJOY citrona-laima piparmētras 0,5L D",
    "productPriceOld": {
      "value": 0.99,
      "unit": "€"
    },
    "productPrice": {
      "value": 0.69,
      "unit": "€"
    },
    "productPricePerUnit": {
      "value": 1.38,
      "unit": "€/l"
    },
    "productPriceWithLoyaltyCard": null,
    "productPricePerUnitWithLoyaltyCard": null,
    "imageUrl": "https://cdn.barbora.lv/products/e280ceab-d7e4-4306-95f7-c35b7b55c95e_s.png",
    "available": true,
    "discount": 30
  },
  {
    "shop": "MAXIMA",
    "categories": [
      1,
      1003,
      1003001
    ],
    "productName": "Bezalk.alus CĒSU BRŪŽA nefiltr.0%500ml D",
    "productPriceOld": {
      "value": 0.79,
      "unit": "€"
    },
    "productPrice": {
      "value": 0.79,
      "unit": "€"
    },
    "productPricePerUnit": {
      "value": 1.58,
      "unit": "€/l"
    },
    "productPriceWithLoyaltyCard": {
      "value": 0.69,
      "unit": "€"
    },
    "productPricePerUnitWithLoyaltyCard": {
      "value": 1.38,
      "unit": "€/l"
    },
    "imageUrl": "https://cdn.barbora.lv/products/540d5681-da78-4dde-a51c-03f553ccec44_s.png",
    "available": true,
    "discount": 13
  },
  {
    "shop": "MAXIMA",
    "categories": [
      1,
      1003,
      1003001
    ],
    "productName": "Alus CRONUS bezalkoholisk. 0% 500ml sk.D",
    "productPriceOld": null,
    "productPrice": {
      "value": 0.69,
      "unit": "€"
    },
    "productPricePerUnit": {
      "value": 1.38,
      "unit": "€/l"
    },
    "productPriceWithLoyaltyCard": null,
    "productPricePerUnitWithLoyaltyCard": null,
    "imageUrl": "https://cdn.barbora.lv/products/44b6e1a8-b932-49db-88aa-4abf96fca3ac_s.png",
    "available": true,
    "discount": null
  },
  {
    "shop": "CITRO",
    "categories": [
      1,
      1002,
      10010021
    ],
    "productName": "LIMONĀDE KLASISKĀ LIMONĀDE 0.5L CĒSU ALUS",
    "productPriceOld": null,
    "productPrice": null,
    "productPricePerUnit": {
      "value": 1.38,
      "unit": "€/L"
    },
    "productPriceWithLoyaltyCard": null,
    "productPricePerUnitWithLoyaltyCard": null,
    "imageUrl": "https://rezekne.citro.lv/wp-content/uploads/2023/06/4750142005260-300x300.jpg",
    "available": true,
    "discount": null
  },
  {
    "shop": "RIMI",
    "categories": [
      2,
      2001,
      2001002
    ],
    "productName": "Mākoņmaize Druva XXL 500g + 200g",
    "productPriceOld": {
      "value": 1.49,
      "unit": "€"
    },
    "productPrice": {
      "value": 0.97,
      "unit": "€/gab"
    },
    "productPricePerUnit": {
      "value": 1.39,
      "unit": "€/kg"
    },
    "productPriceWithLoyaltyCard": null,
    "productPricePerUnitWithLoyaltyCard": null,
    "imageUrl": "https://rimibaltic-res.cloudinary.com/image/upload/d_ecommerce:backend-fallback.png/MAT_4000365_PCE_LV",
    "available": true,
    "discount": 35
  },
  {
    "shop": "RIMI",
    "categories": [
      1,
      1001,
      1001001
    ],
    "productName": "Alus Walter stiprais 5,8% 1l",
    "productPriceOld": null,
    "productPrice": {
      "value": 1.39,
      "unit": "€/gab"
    },
    "productPricePerUnit": {
      "value": 1.39,
      "unit": "€/l"
    },
    "productPriceWithLoyaltyCard": null,
    "productPricePerUnitWithLoyaltyCard": null,
    "imageUrl": "https://rimibaltic-res.cloudinary.com/image/upload/d_ecommerce:backend-fallback.png/MAT_809977_PCE_LV",
    "available": true,
    "discount": null
  },
  {
    "shop": "RIMI",
    "categories": [
      1,
      1002,
      10010020
    ],
    "productName": "Sula Rimi tomātu 3l",
    "productPriceOld": null,
    "productPrice": {
      "value": 4.99,
      "unit": "€/gab"
    },
    "productPricePerUnit": {
      "value": 1.66,
      "unit": "€/l"
    },
    "productPriceWithLoyaltyCard": {
      "value": 4.19,
      "unit": "€"
    },
    "productPricePerUnitWithLoyaltyCard": {
      "value": 1.4,
      "unit": "€/l"
    },
    "imageUrl": "https://rimibaltic-res.cloudinary.com/image/upload/d_ecommerce:backend-fallback.png/MAT_807940_PCE_LV",
    "available": true,
    "discount": 16
  },
  {
    "shop": "MAXIMA",
    "categories": [
      1,
      1002,
      10010024
    ],
    "productName": "Dzer.ūdens AKVILE Kids negāzēts 500ml D",
    "productPriceOld": null,
    "productPrice": {
      "value": 0.7,
      "unit": "€"
    },
    "productPricePerUnit": {
      "value": 1.4,
      "unit": "€/l"
    },
    "productPriceWithLoyaltyCard": null,
    "productPricePerUnitWithLoyaltyCard": null,
    "imageUrl": "https://cdn.barbora.lv/products/447e817b-5f20-4908-8196-34e4c3f33317_s.png",
    "available": true,
    "discount": null
  },
  {
    "shop": "MAXIMA",
    "categories": [
      1,
      1002,
      10010024
    ],
    "productName": "Dab.minerālūdens VENDEN gāzēts 500ml D",
    "productPriceOld": null,
    "productPrice": {
      "value": 0.7,
      "unit": "€"
    },
    "productPricePerUnit": {
      "value": 1.4,
      "unit": "€/l"
    },
    "productPriceWithLoyaltyCard": null,
    "productPricePerUnitWithLoyaltyCard": null,
    "imageUrl": "https://cdn.barbora.lv/products/20912a6d-e417-40e3-8595-a01a37882703_s.png",
    "available": true,
    "discount": null
  },
  {
    "shop": "MAXIMA",
    "categories": [
      1,
      1002,
      10010024
    ],
    "productName": "Dabīgais minerālūdens VENDEN negāzēts 500ml D",
    "productPriceOld": null,
    "productPrice": {
      "value": 0.7,
      "unit": "€"
    },
    "productPricePerUnit": {
      "value": 1.4,
      "unit": "€/l"
    },
    "productPriceWithLoyaltyCard": null,
    "productPricePerUnitWithLoyaltyCard": null,
    "imageUrl": "https://cdn.barbora.lv/products/16656953-5642-4f9f-80a4-f474236a8cbd_s.png",
    "available": true,
    "discount": null
  },
  {
    "shop": "RIMI",
    "categories": [
      2,
      2001,
      2001004
    ],
    "productName": "Rudzu formas maize Rimi Beķera 600g",
    "productPriceOld": null,
    "productPrice": {
      "value": 0.85,
      "unit": "€/gab"
    },
    "productPricePerUnit": {
      "value": 1.42,
      "unit": "€/kg"
    },
    "productPriceWithLoyaltyCard": null,
    "productPricePerUnitWithLoyaltyCard": null,
    "imageUrl": "https://rimibaltic-res.cloudinary.com/image/upload/d_ecommerce:backend-fallback.png/MAT_810028_PCE_LV",
    "available": true,
    "discount": null
  },
  {
    "shop": "RIMI",
    "categories": [
      1,
      1002,
      10010024
    ],
    "productName": "Minerālūdens Mangaļi gāzēts 0,5l",
    "productPriceOld": null,
    "productPrice": {
      "value": 0.71,
      "unit": "€/gab"
    },
    "productPricePerUnit": {
      "value": 1.42,
      "unit": "€/l"
    },
    "productPriceWithLoyaltyCard": null,
    "productPricePerUnitWithLoyaltyCard": null,
    "imageUrl": "https://rimibaltic-res.cloudinary.com/image/upload/d_ecommerce:backend-fallback.png/MAT_113834_PCE_LV",
    "available": true,
    "discount": null
  },
  {
    "shop": "RIMI",
    "categories": [
      1,
      1002,
      10010024
    ],
    "productName": "Dzeramais ūdens Mangaļi-1 viegli gāzēts 0,5l",
    "productPriceOld": null,
    "productPrice": {
      "value": 0.71,
      "unit": "€/gab"
    },
    "productPricePerUnit": {
      "value": 1.42,
      "unit": "€/l"
    },
    "productPriceWithLoyaltyCard": null,
    "productPricePerUnitWithLoyaltyCard": null,
    "imageUrl": "https://rimibaltic-res.cloudinary.com/image/upload/d_ecommerce:backend-fallback.png/MAT_1355478_PCE_LV",
    "available": true,
    "discount": null
  },
  {
    "shop": "RIMI",
    "categories": [
      1,
      1002,
      10010024
    ],
    "productName": "Dzeramais ūdens Mangaļi-1 negāzēts 0,5l",
    "productPriceOld": null,
    "productPrice": {
      "value": 0.71,
      "unit": "€/gab"
    },
    "productPricePerUnit": {
      "value": 1.42,
      "unit": "€/l"
    },
    "productPriceWithLoyaltyCard": null,
    "productPricePerUnitWithLoyaltyCard": null,
    "imageUrl": "https://rimibaltic-res.cloudinary.com/image/upload/d_ecommerce:backend-fallback.png/MAT_1361577_PCE_LV",
    "available": true,
    "discount": null
  },
  {
    "shop": "MAXIMA",
    "categories": [
      1,
      1002,
      10010024
    ],
    "productName": "Dabīgais minerālūdens MANGAĻI-1 negāzēts 500ml D",
    "productPriceOld": null,
    "productPrice": {
      "value": 0.71,
      "unit": "€"
    },
    "productPricePerUnit": {
      "value": 1.42,
      "unit": "€/l"
    },
    "productPriceWithLoyaltyCard": null,
    "productPricePerUnitWithLoyaltyCard": null,
    "imageUrl": "https://cdn.barbora.lv/products/08180f12-f75f-4fe2-903c-edb2d0e1ceb0_s.png",
    "available": true,
    "discount": null
  },
  {
    "shop": "MAXIMA",
    "categories": [
      1,
      1002,
      10010024
    ],
    "productName": "Dabīgais minerālūdens MANGAĻI gāzēts 500ml D",
    "productPriceOld": null,
    "productPrice": {
      "value": 0.71,
      "unit": "€"
    },
    "productPricePerUnit": {
      "value": 1.42,
      "unit": "€/l"
    },
    "productPriceWithLoyaltyCard": null,
    "productPricePerUnitWithLoyaltyCard": null,
    "imageUrl": "https://cdn.barbora.lv/products/eefd7596-02ed-45b2-9bc2-30714017a2f7_s.png",
    "available": true,
    "discount": null
  },
  {
    "shop": "MAXIMA",
    "categories": [
      1,
      1002,
      10010023
    ],
    "productName": "Kvass AMBER CITY 0,5L D",
    "productPriceOld": null,
    "productPrice": {
      "value": 0.71,
      "unit": "€"
    },
    "productPricePerUnit": {
      "value": 1.42,
      "unit": "€/l"
    },
    "productPriceWithLoyaltyCard": null,
    "productPricePerUnitWithLoyaltyCard": null,
    "imageUrl": "https://cdn.barbora.lv/products/59c8babe-18ad-4dfa-84a2-f4d74d01aa15_s.png",
    "available": true,
    "discount": null
  },
  {
    "shop": "MAXIMA",
    "categories": [
      1,
      1001,
      1001001
    ],
    "productName": "Alus CRONUS Lager 5% 0,5L sk.D",
    "productPriceOld": null,
    "productPrice": {
      "value": 0.71,
      "unit": "€"
    },
    "productPricePerUnit": {
      "value": 1.42,
      "unit": "€/l"
    },
    "productPriceWithLoyaltyCard": null,
    "productPricePerUnitWithLoyaltyCard": null,
    "imageUrl": "https://cdn.barbora.lv/products/a0861c71-44fb-447b-ac67-cb7653f7a66f_s.png",
    "available": true,
    "discount": null
  },
  {
    "shop": "RIMI",
    "categories": [
      1,
      1003,
      1003005
    ],
    "productName": "Bezalkoholiskais dzēriens Orn Craft Rose 1,5l",
    "productPriceOld": null,
    "productPrice": {
      "value": 2.15,
      "unit": "€/gab"
    },
    "productPricePerUnit": {
      "value": 1.43,
      "unit": "€/l"
    },
    "productPriceWithLoyaltyCard": null,
    "productPricePerUnitWithLoyaltyCard": null,
    "imageUrl": "https://rimibaltic-res.cloudinary.com/image/upload/d_ecommerce:backend-fallback.png/MAT_1366942_PCE_LV",
    "available": true,
    "discount": null
  },
  {
    "shop": "RIMI",
    "categories": [
      1,
      1002,
      10010021
    ],
    "productName": "Bezalko. dzēriens Orn Craft Indian Tonic 1,5l",
    "productPriceOld": null,
    "productPrice": {
      "value": 2.15,
      "unit": "€/gab"
    },
    "productPricePerUnit": {
      "value": 1.43,
      "unit": "€/l"
    },
    "productPriceWithLoyaltyCard": null,
    "productPricePerUnitWithLoyaltyCard": null,
    "imageUrl": "https://rimibaltic-res.cloudinary.com/image/upload/d_ecommerce:backend-fallback.png/MAT_1366943_PCE_LV",
    "available": true,
    "discount": null
  },
  {
    "shop": "RIMI",
    "categories": [
      1,
      1003,
      1003005
    ],
    "productName": "Bezalk. dzēriens Orn Craft red mixer 1,5l",
    "productPriceOld": null,
    "productPrice": {
      "value": 2.15,
      "unit": "€/gab"
    },
    "productPricePerUnit": {
      "value": 1.43,
      "unit": "€/l"
    },
    "productPriceWithLoyaltyCard": null,
    "productPricePerUnitWithLoyaltyCard": null,
    "imageUrl": "https://rimibaltic-res.cloudinary.com/image/upload/d_ecommerce:backend-fallback.png/MAT_1372789_PCE_LV",
    "available": true,
    "discount": null
  },
  {
    "shop": "MAXIMA",
    "categories": [
      1,
      1002,
      10010021
    ],
    "productName": "Gāz.dzēriens ORN CRAFT Indian 1,5L PET D",
    "productPriceOld": null,
    "productPrice": {
      "value": 2.15,
      "unit": "€"
    },
    "productPricePerUnit": {
      "value": 1.43,
      "unit": "€/l"
    },
    "productPriceWithLoyaltyCard": null,
    "productPricePerUnitWithLoyaltyCard": null,
    "imageUrl": "https://cdn.barbora.lv/products/68f7a8f8-7330-4e10-8a5b-49327e0c411e_s.png",
    "available": true,
    "discount": null
  },
  {
    "shop": "MAXIMA",
    "categories": [
      1,
      1002,
      10010021
    ],
    "productName": "Gāz.dzēr. ORN CRAFT Red Mixer 1,5L PET D",
    "productPriceOld": null,
    "productPrice": {
      "value": 2.15,
      "unit": "€"
    },
    "productPricePerUnit": {
      "value": 1.43,
      "unit": "€/l"
    },
    "productPriceWithLoyaltyCard": null,
    "productPricePerUnitWithLoyaltyCard": null,
    "imageUrl": "https://cdn.barbora.lv/products/a2e918e8-51bc-4690-ad9c-1895d7ad5259_s.png",
    "available": true,
    "discount": null
  },
  {
    "shop": "MAXIMA",
    "categories": [
      1,
      1002,
      10010020
    ],
    "productName": "Sulas dzēriens TYMBARK sark.multivit. 2L",
    "productPriceOld": null,
    "productPrice": {
      "value": 2.86,
      "unit": "€"
    },
    "productPricePerUnit": {
      "value": 1.43,
      "unit": "€/l"
    },
    "productPriceWithLoyaltyCard": null,
    "productPricePerUnitWithLoyaltyCard": null,
    "imageUrl": "https://cdn.barbora.lv/products/5b88c149-eee6-4b94-b51d-d90794ca20ea_s.png",
    "available": true,
    "discount": null
  },
  {
    "shop": "MAXIMA",
    "categories": [
      1,
      1002,
      10010021
    ],
    "productName": "Gāzēts dzēriens ENJOY arbūzu 0, 5L D",
    "productPriceOld": {
      "value": 1.03,
      "unit": "€"
    },
    "productPrice": {
      "value": 0.72,
      "unit": "€"
    },
    "productPricePerUnit": {
      "value": 1.44,
      "unit": "€/l"
    },
    "productPriceWithLoyaltyCard": null,
    "productPricePerUnitWithLoyaltyCard": null,
    "imageUrl": "https://cdn.barbora.lv/products/2262ed8f-3666-4342-80ff-2344462baf79_s.png",
    "available": true,
    "discount": 30
  },
  {
    "shop": "RIMI",
    "categories": [
      1,
      1002,
      10010024
    ],
    "productName": "Minerālūdens S.Pellegrino gāzēts 1l",
    "productPriceOld": null,
    "productPrice": {
      "value": 1.45,
      "unit": "€/gab"
    },
    "productPricePerUnit": {
      "value": 1.45,
      "unit": "€/l"
    },
    "productPriceWithLoyaltyCard": null,
    "productPricePerUnitWithLoyaltyCard": null,
    "imageUrl": "https://rimibaltic-res.cloudinary.com/image/upload/d_ecommerce:backend-fallback.png/MAT_1353346_PCE_LV",
    "available": true,
    "discount": null
  },
  {
    "shop": "RIMI",
    "categories": [
      1,
      1002,
      10010020
    ],
    "productName": "Sulas dzēriens Rimi multiaugļu 200ml",
    "productPriceOld": null,
    "productPrice": {
      "value": 0.29,
      "unit": "€/gab"
    },
    "productPricePerUnit": {
      "value": 1.45,
      "unit": "€/l"
    },
    "productPriceWithLoyaltyCard": null,
    "productPricePerUnitWithLoyaltyCard": null,
    "imageUrl": "https://rimibaltic-res.cloudinary.com/image/upload/d_ecommerce:backend-fallback.png/MAT_812378_PCE_LV",
    "available": true,
    "discount": null
  },
  {
    "shop": "RIMI",
    "categories": [
      1,
      1002,
      10010020
    ],
    "productName": "Sulu dzēriens Rimi persiku, vīnogu 200ml",
    "productPriceOld": null,
    "productPrice": {
      "value": 0.29,
      "unit": "€/gab"
    },
    "productPricePerUnit": {
      "value": 1.45,
      "unit": "€/l"
    },
    "productPriceWithLoyaltyCard": null,
    "productPricePerUnitWithLoyaltyCard": null,
    "imageUrl": "https://rimibaltic-res.cloudinary.com/image/upload/d_ecommerce:backend-fallback.png/MAT_812371_PCE_LV",
    "available": true,
    "discount": null
  },
  {
    "shop": "RIMI",
    "categories": [
      1,
      1002,
      10010020
    ],
    "productName": "Sulas dzēriens Rimi ābolu 200ml",
    "productPriceOld": null,
    "productPrice": {
      "value": 0.29,
      "unit": "€/gab"
    },
    "productPricePerUnit": {
      "value": 1.45,
      "unit": "€/l"
    },
    "productPriceWithLoyaltyCard": null,
    "productPricePerUnitWithLoyaltyCard": null,
    "imageUrl": "https://rimibaltic-res.cloudinary.com/image/upload/d_ecommerce:backend-fallback.png/MAT_812630_PCE_LV",
    "available": true,
    "discount": null
  },
  {
    "shop": "RIMI",
    "categories": [
      1,
      1002,
      10010020
    ],
    "productName": "Sulu dzēriens Rimi apels.,banānu,pers. 200ml",
    "productPriceOld": null,
    "productPrice": {
      "value": 0.29,
      "unit": "€/gab"
    },
    "productPricePerUnit": {
      "value": 1.45,
      "unit": "€/l"
    },
    "productPriceWithLoyaltyCard": null,
    "productPricePerUnitWithLoyaltyCard": null,
    "imageUrl": "https://rimibaltic-res.cloudinary.com/image/upload/d_ecommerce:backend-fallback.png/MAT_812372_PCE_LV",
    "available": true,
    "discount": null
  },
  {
    "shop": "RIMI",
    "categories": [
      1,
      1002,
      10010020
    ],
    "productName": "Sula Cido tomātu 1l",
    "productPriceOld": null,
    "productPrice": {
      "value": 1.65,
      "unit": "€/gab"
    },
    "productPricePerUnit": {
      "value": 1.65,
      "unit": "€/l"
    },
    "productPriceWithLoyaltyCard": {
      "value": 1.45,
      "unit": "€"
    },
    "productPricePerUnitWithLoyaltyCard": {
      "value": 1.45,
      "unit": "€/l"
    },
    "imageUrl": "https://rimibaltic-res.cloudinary.com/image/upload/d_ecommerce:backend-fallback.png/MAT_100653_PCE_LV",
    "available": true,
    "discount": 12
  },
  {
    "shop": "RIMI",
    "categories": [
      1,
      1002,
      10010020
    ],
    "productName": "Sulas dzēriens Rimi Banānu un zemeņu 200ml",
    "productPriceOld": null,
    "productPrice": {
      "value": 0.29,
      "unit": "€/gab"
    },
    "productPricePerUnit": {
      "value": 1.45,
      "unit": "€/l"
    },
    "productPriceWithLoyaltyCard": null,
    "productPricePerUnitWithLoyaltyCard": null,
    "imageUrl": "https://rimibaltic-res.cloudinary.com/image/upload/d_ecommerce:backend-fallback.png/MAT_815162_PCE_LV",
    "available": true,
    "discount": null
  },
  {
    "shop": "RIMI",
    "categories": [
      1,
      1002,
      10010021
    ],
    "productName": "Gāzēts dzēriens Pepsi Cola 2l",
    "productPriceOld": null,
    "productPrice": {
      "value": 2.89,
      "unit": "€/gab"
    },
    "productPricePerUnit": {
      "value": 1.45,
      "unit": "€/l"
    },
    "productPriceWithLoyaltyCard": null,
    "productPricePerUnitWithLoyaltyCard": null,
    "imageUrl": "https://rimibaltic-res.cloudinary.com/image/upload/d_ecommerce:backend-fallback.png/MAT_1363367_PCE_LV",
    "available": true,
    "discount": null
  },
  {
    "shop": "RIMI",
    "categories": [
      1,
      1002,
      10010027
    ],
    "productName": "Dzēriens Tymbark ābolu arbūzu 2l",
    "productPriceOld": null,
    "productPrice": {
      "value": 2.89,
      "unit": "€/gab"
    },
    "productPricePerUnit": {
      "value": 1.45,
      "unit": "€/l"
    },
    "productPriceWithLoyaltyCard": null,
    "productPricePerUnitWithLoyaltyCard": null,
    "imageUrl": "https://rimibaltic-res.cloudinary.com/image/upload/d_ecommerce:backend-fallback.png/MAT_1358682_PCE_LV",
    "available": true,
    "discount": null
  },
  {
    "shop": "RIMI",
    "categories": [
      1,
      1002,
      10010020
    ],
    "productName": "Nekt. Elmenhorster multivit., ar sald. 50% 1l",
    "productPriceOld": null,
    "productPrice": {
      "value": 1.45,
      "unit": "€/gab"
    },
    "productPricePerUnit": {
      "value": 1.45,
      "unit": "€/l"
    },
    "productPriceWithLoyaltyCard": null,
    "productPricePerUnitWithLoyaltyCard": null,
    "imageUrl": "https://rimibaltic-res.cloudinary.com/image/upload/d_ecommerce:backend-fallback.png/MAT_136020_PCE_LV",
    "available": true,
    "discount": null
  },
  {
    "shop": "RIMI",
    "categories": [
      1,
      1002,
      10010020
    ],
    "productName": "Sulas dz. Tymbark ķiršu, ābolu, ar saldin. 2l",
    "productPriceOld": null,
    "productPrice": {
      "value": 2.89,
      "unit": "€/gab"
    },
    "productPricePerUnit": {
      "value": 1.45,
      "unit": "€/l"
    },
    "productPriceWithLoyaltyCard": null,
    "productPricePerUnitWithLoyaltyCard": null,
    "imageUrl": "https://rimibaltic-res.cloudinary.com/image/upload/d_ecommerce:backend-fallback.png/MAT_154198_PCE_LV",
    "available": true,
    "discount": null
  },
  {
    "shop": "MAXIMA",
    "categories": [
      1,
      1002,
      10010021
    ],
    "productName": "Gāzēts dzēriens PEPSI 2L D",
    "productPriceOld": null,
    "productPrice": {
      "value": 2.89,
      "unit": "€"
    },
    "productPricePerUnit": {
      "value": 1.45,
      "unit": "€/l"
    },
    "productPriceWithLoyaltyCard": null,
    "productPricePerUnitWithLoyaltyCard": null,
    "imageUrl": "https://cdn.barbora.lv/products/a8955158-ed07-4125-b1b8-201e99648714_s.png",
    "available": true,
    "discount": null
  },
  {
    "shop": "MAXIMA",
    "categories": [
      1,
      1002,
      10010020
    ],
    "productName": "Sulas dzēriens MIO&RIO multiaugļu 0,2L",
    "productPriceOld": null,
    "productPrice": {
      "value": 0.29,
      "unit": "€"
    },
    "productPricePerUnit": {
      "value": 1.45,
      "unit": "€/l"
    },
    "productPriceWithLoyaltyCard": null,
    "productPricePerUnitWithLoyaltyCard": null,
    "imageUrl": "https://cdn.barbora.lv/products/d48c5054-b2c3-4220-865c-aafd8ca563d1_s.png",
    "available": true,
    "discount": null
  },
  {
    "shop": "MAXIMA",
    "categories": [
      1,
      1002,
      10010020
    ],
    "productName": "Sulas dzēriens MIO&RIO pers.vīnogu 0,2L",
    "productPriceOld": null,
    "productPrice": {
      "value": 0.29,
      "unit": "€"
    },
    "productPricePerUnit": {
      "value": 1.45,
      "unit": "€/l"
    },
    "productPriceWithLoyaltyCard": null,
    "productPricePerUnitWithLoyaltyCard": null,
    "imageUrl": "https://cdn.barbora.lv/products/344306fa-ba0e-480b-ab98-3020aedc9d08_s.png",
    "available": true,
    "discount": null
  },
  {
    "shop": "MAXIMA",
    "categories": [
      1,
      1002,
      10010020
    ],
    "productName": "Sulas dzēriens ābolu MIO&RIO 0,2L",
    "productPriceOld": null,
    "productPrice": {
      "value": 0.29,
      "unit": "€"
    },
    "productPricePerUnit": {
      "value": 1.45,
      "unit": "€/l"
    },
    "productPriceWithLoyaltyCard": null,
    "productPricePerUnitWithLoyaltyCard": null,
    "imageUrl": "https://cdn.barbora.lv/products/bcb39ac9-475d-4983-b56f-251600d5a2d5_s.png",
    "available": true,
    "discount": null
  },
  {
    "shop": "MAXIMA",
    "categories": [
      1,
      1002,
      10010020
    ],
    "productName": "Nektārs ELMENHORSTER multivitamīnu 1L",
    "productPriceOld": null,
    "productPrice": {
      "value": 1.45,
      "unit": "€"
    },
    "productPricePerUnit": {
      "value": 1.45,
      "unit": "€/l"
    },
    "productPriceWithLoyaltyCard": null,
    "productPricePerUnitWithLoyaltyCard": null,
    "imageUrl": "https://cdn.barbora.lv/products/f50a4262-1621-4646-8e5b-23a3462512ff_s.png",
    "available": true,
    "discount": null
  },
  {
    "shop": "MAXIMA",
    "categories": [
      1,
      1002,
      10010020
    ],
    "productName": "Sulas dzēriens TYMBARK ābolu-arbūzu 2L",
    "productPriceOld": null,
    "productPrice": {
      "value": 2.89,
      "unit": "€"
    },
    "productPricePerUnit": {
      "value": 1.45,
      "unit": "€/l"
    },
    "productPriceWithLoyaltyCard": null,
    "productPricePerUnitWithLoyaltyCard": null,
    "imageUrl": "https://cdn.barbora.lv/products/175d7eac-3b36-40a7-bb05-2a03afa5dfbb_s.png",
    "available": true,
    "discount": null
  },
  {
    "shop": "MAXIMA",
    "categories": [
      1,
      1002,
      10010020
    ],
    "productName": "Sulas dzēriens TYMBARK ķiršu-ābolu 2L",
    "productPriceOld": null,
    "productPrice": {
      "value": 2.89,
      "unit": "€"
    },
    "productPricePerUnit": {
      "value": 1.45,
      "unit": "€/l"
    },
    "productPriceWithLoyaltyCard": null,
    "productPricePerUnitWithLoyaltyCard": null,
    "imageUrl": "https://cdn.barbora.lv/products/844e19d7-d7d9-457a-b189-098da5e35ff1_s.png",
    "available": true,
    "discount": null
  },
  {
    "shop": "CITRO",
    "categories": [
      1,
      1002,
      10010020
    ],
    "productName": "NEKTĀRS ELMENHORSTER MULTIVITAMĪNU 50% 1L",
    "productPriceOld": null,
    "productPrice": null,
    "productPricePerUnit": {
      "value": 1.45,
      "unit": "€/L"
    },
    "productPriceWithLoyaltyCard": null,
    "productPricePerUnitWithLoyaltyCard": null,
    "imageUrl": "https://rezekne.citro.lv/wp-content/uploads/2020/12/4770569205104-300x300.jpg",
    "available": true,
    "discount": null
  },
  {
    "shop": "CITRO",
    "categories": [
      1,
      1002,
      10010020
    ],
    "productName": "CIDO PLŪMJU NEKTĀRS 1L",
    "productPriceOld": {
      "value": 1.79,
      "unit": "€"
    },
    "productPrice": {
      "value": 1.45,
      "unit": "€"
    },
    "productPricePerUnit": {
      "value": 1.45,
      "unit": "€/L"
    },
    "productPriceWithLoyaltyCard": null,
    "productPricePerUnitWithLoyaltyCard": null,
    "imageUrl": "https://rezekne.citro.lv/wp-content/uploads/2021/03/4750042884668-300x300.jpg",
    "available": true,
    "discount": 19
  },
  {
    "shop": "CITRO",
    "categories": [
      1,
      1002,
      10010020
    ],
    "productName": "NEKTĀRS CIDO VĪNOGU 1L",
    "productPriceOld": {
      "value": 1.79,
      "unit": "€"
    },
    "productPrice": {
      "value": 1.45,
      "unit": "€"
    },
    "productPricePerUnit": {
      "value": 1.45,
      "unit": "€/L"
    },
    "productPriceWithLoyaltyCard": null,
    "productPricePerUnitWithLoyaltyCard": null,
    "imageUrl": "https://rezekne.citro.lv/wp-content/uploads/2021/03/4750042804284-300x300.jpg",
    "available": true,
    "discount": 19
  },
  {
    "shop": "CITRO",
    "categories": [
      1,
      1002,
      10010020
    ],
    "productName": "CIDO NEKTĀRS PERSIKU 1L",
    "productPriceOld": {
      "value": 1.95,
      "unit": "€"
    },
    "productPrice": {
      "value": 1.45,
      "unit": "€"
    },
    "productPricePerUnit": {
      "value": 1.45,
      "unit": "€/L"
    },
    "productPriceWithLoyaltyCard": null,
    "productPricePerUnitWithLoyaltyCard": null,
    "imageUrl": "https://rezekne.citro.lv/wp-content/uploads/2021/03/4750042804277-300x300.jpg",
    "available": true,
    "discount": 26
  },
  {
    "shop": "CITRO",
    "categories": [
      1,
      1002,
      10010020
    ],
    "productName": "NEKTĀRS ROMIEŠU VĪNOGAS GUTTA 2L",
    "productPriceOld": {
      "value": 3.79,
      "unit": "€"
    },
    "productPrice": {
      "value": 2.89,
      "unit": "€"
    },
    "productPricePerUnit": {
      "value": 1.45,
      "unit": "€/L"
    },
    "productPriceWithLoyaltyCard": null,
    "productPricePerUnitWithLoyaltyCard": null,
    "imageUrl": "https://rezekne.citro.lv/wp-content/uploads/2021/01/4750009941908-300x300.jpg",
    "available": true,
    "discount": 24
  },
  {
    "shop": "CITRO",
    "categories": [
      2,
      2001,
      20010014
    ],
    "productName": "SULA CIDO DĀRZEŅU 1L",
    "productPriceOld": {
      "value": 1.95,
      "unit": "€"
    },
    "productPrice": {
      "value": 1.45,
      "unit": "€"
    },
    "productPricePerUnit": {
      "value": 1.45,
      "unit": "€/L"
    },
    "productPriceWithLoyaltyCard": null,
    "productPricePerUnitWithLoyaltyCard": null,
    "imageUrl": "https://rezekne.citro.lv/wp-content/uploads/2022/11/4750042804338-300x300.jpg",
    "available": true,
    "discount": 26
  },
  {
    "shop": "CITRO",
    "categories": [
      1,
      1002,
      10010027
    ],
    "productName": "DZĒRIENS VITA TIGRAS DAŽĀDU OGU 0.2L",
    "productPriceOld": {
      "value": 0.39,
      "unit": "€"
    },
    "productPrice": {
      "value": 0.29,
      "unit": "€"
    },
    "productPricePerUnit": {
      "value": 1.45,
      "unit": "€/L"
    },
    "productPriceWithLoyaltyCard": null,
    "productPricePerUnitWithLoyaltyCard": null,
    "imageUrl": "https://rezekne.citro.lv/wp-content/uploads/2022/04/4770569913733-300x300.jpg",
    "available": true,
    "discount": 26
  },
  {
    "shop": "CITRO",
    "categories": [
      1,
      1002,
      10010027
    ],
    "productName": "DZĒRIENS VITA TIGRAS DAŽĀDU AUGĻU 0.2L",
    "productPriceOld": {
      "value": 0.39,
      "unit": "€"
    },
    "productPrice": {
      "value": 0.29,
      "unit": "€"
    },
    "productPricePerUnit": {
      "value": 1.45,
      "unit": "€/L"
    },
    "productPriceWithLoyaltyCard": null,
    "productPricePerUnitWithLoyaltyCard": null,
    "imageUrl": "https://rezekne.citro.lv/wp-content/uploads/2022/04/4770569913726-300x300.jpg",
    "available": true,
    "discount": 26
  },
  {
    "shop": "RIMI",
    "categories": [
      1,
      1002,
      10010027
    ],
    "productName": "Dzēriens Iļģuciema Veselības 1,5l",
    "productPriceOld": null,
    "productPrice": {
      "value": 2.19,
      "unit": "€/gab"
    },
    "productPricePerUnit": {
      "value": 1.46,
      "unit": "€/l"
    },
    "productPriceWithLoyaltyCard": null,
    "productPricePerUnitWithLoyaltyCard": null,
    "imageUrl": "https://rimibaltic-res.cloudinary.com/image/upload/d_ecommerce:backend-fallback.png/MAT_123491_PCE_LV",
    "available": true,
    "discount": null
  },
  {
    "shop": "RIMI",
    "categories": [
      1,
      1002,
      10010020
    ],
    "productName": "Cappy Ice Fruit multivitamīnu 1,5l",
    "productPriceOld": null,
    "productPrice": {
      "value": 2.19,
      "unit": "€/gab"
    },
    "productPricePerUnit": {
      "value": 1.46,
      "unit": "€/l"
    },
    "productPriceWithLoyaltyCard": null,
    "productPricePerUnitWithLoyaltyCard": null,
    "imageUrl": "https://rimibaltic-res.cloudinary.com/image/upload/d_ecommerce:backend-fallback.png/MAT_1352409_PCE_LV",
    "available": true,
    "discount": null
  },
  {
    "shop": "RIMI",
    "categories": [
      1,
      1002,
      10010026
    ],
    "productName": "Fuze zaļā tēja ar citrusu garšu 1500ml",
    "productPriceOld": null,
    "productPrice": {
      "value": 2.19,
      "unit": "€/gab"
    },
    "productPricePerUnit": {
      "value": 1.46,
      "unit": "€/l"
    },
    "productPriceWithLoyaltyCard": null,
    "productPricePerUnitWithLoyaltyCard": null,
    "imageUrl": "https://rimibaltic-res.cloudinary.com/image/upload/d_ecommerce:backend-fallback.png/MAT_1363234_PCE_LV",
    "available": true,
    "discount": null
  },
  {
    "shop": "RIMI",
    "categories": [
      1,
      1002,
      10010026
    ],
    "productName": "Fuze tēja ar persiku un karkādes garšu 1500ml",
    "productPriceOld": null,
    "productPrice": {
      "value": 2.19,
      "unit": "€/gab"
    },
    "productPricePerUnit": {
      "value": 1.46,
      "unit": "€/l"
    },
    "productPriceWithLoyaltyCard": null,
    "productPricePerUnitWithLoyaltyCard": null,
    "imageUrl": "https://rimibaltic-res.cloudinary.com/image/upload/d_ecommerce:backend-fallback.png/MAT_1363227_PCE_LV",
    "available": true,
    "discount": null
  },
  {
    "shop": "RIMI",
    "categories": [
      1,
      1002,
      10010026
    ],
    "productName": "Ledus tēja Fuze Tea Lemon Lemongrass 1,5l",
    "productPriceOld": null,
    "productPrice": {
      "value": 2.19,
      "unit": "€/gab"
    },
    "productPricePerUnit": {
      "value": 1.46,
      "unit": "€/l"
    },
    "productPriceWithLoyaltyCard": null,
    "productPricePerUnitWithLoyaltyCard": null,
    "imageUrl": "https://rimibaltic-res.cloudinary.com/image/upload/d_ecommerce:backend-fallback.png/MAT_1363221_PCE_LV",
    "available": true,
    "discount": null
  },
  {
    "shop": "RIMI",
    "categories": [
      1,
      1002,
      10010026
    ],
    "productName": "Dzēr.Fuze Tea ar arbūzu-piparm. garšu 1,5l",
    "productPriceOld": null,
    "productPrice": {
      "value": 2.19,
      "unit": "€/gab"
    },
    "productPricePerUnit": {
      "value": 1.46,
      "unit": "€/l"
    },
    "productPriceWithLoyaltyCard": null,
    "productPricePerUnitWithLoyaltyCard": null,
    "imageUrl": "https://rimibaltic-res.cloudinary.com/image/upload/d_ecommerce:backend-fallback.png/MAT_1374672_PCE_LV",
    "available": true,
    "discount": null
  },
  {
    "shop": "RIMI",
    "categories": [
      1,
      1002,
      10010026
    ],
    "productName": "Dzēriens Fuze Tea Blueberry Lavender 1,5l",
    "productPriceOld": null,
    "productPrice": {
      "value": 2.19,
      "unit": "€/gab"
    },
    "productPricePerUnit": {
      "value": 1.46,
      "unit": "€/l"
    },
    "productPriceWithLoyaltyCard": null,
    "productPricePerUnitWithLoyaltyCard": null,
    "imageUrl": "https://rimibaltic-res.cloudinary.com/image/upload/d_ecommerce:backend-fallback.png/MAT_1374671_PCE_LV",
    "available": true,
    "discount": null
  },
  {
    "shop": "MAXIMA",
    "categories": [
      1,
      1002,
      10010026
    ],
    "productName": "Ledus tēja FUZETEA pers.-hibisks 1,5L D",
    "productPriceOld": null,
    "productPrice": {
      "value": 2.19,
      "unit": "€"
    },
    "productPricePerUnit": {
      "value": 1.46,
      "unit": "€/l"
    },
    "productPriceWithLoyaltyCard": null,
    "productPricePerUnitWithLoyaltyCard": null,
    "imageUrl": "https://cdn.barbora.lv/products/a66eb53b-b117-4927-a578-d9e2bd6d7426_s.png",
    "available": true,
    "discount": null
  },
  {
    "shop": "MAXIMA",
    "categories": [
      1,
      1002,
      10010027
    ],
    "productName": "Iesala dzēriens IĻĢUCIEMA Veselības 1,5L D",
    "productPriceOld": null,
    "productPrice": {
      "value": 2.19,
      "unit": "€"
    },
    "productPricePerUnit": {
      "value": 1.46,
      "unit": "€/l"
    },
    "productPriceWithLoyaltyCard": null,
    "productPricePerUnitWithLoyaltyCard": null,
    "imageUrl": "https://cdn.barbora.lv/products/bb112e26-d0be-42af-a7f9-ba12d11befd7_s.png",
    "available": true,
    "discount": null
  },
  {
    "shop": "MAXIMA",
    "categories": [
      1,
      1002,
      10010026
    ],
    "productName": "Ledus tēja FUZETEA zaļā-citrusaugļ.1,5LD",
    "productPriceOld": null,
    "productPrice": {
      "value": 2.19,
      "unit": "€"
    },
    "productPricePerUnit": {
      "value": 1.46,
      "unit": "€/l"
    },
    "productPriceWithLoyaltyCard": null,
    "productPricePerUnitWithLoyaltyCard": null,
    "imageUrl": "https://cdn.barbora.lv/products/9ae429da-36f4-41fd-a314-75d11727016f_s.png",
    "available": true,
    "discount": null
  },
  {
    "shop": "MAXIMA",
    "categories": [
      1,
      1002,
      10010026
    ],
    "productName": "Ledus tēja FUZETEA citr.-citronz.1,5L D",
    "productPriceOld": null,
    "productPrice": {
      "value": 2.19,
      "unit": "€"
    },
    "productPricePerUnit": {
      "value": 1.46,
      "unit": "€/l"
    },
    "productPriceWithLoyaltyCard": null,
    "productPricePerUnitWithLoyaltyCard": null,
    "imageUrl": "https://cdn.barbora.lv/products/affb4402-17d9-433b-9de7-a35c6b43dfdf_s.png",
    "available": true,
    "discount": null
  },
  {
    "shop": "RIMI",
    "categories": [
      1,
      1002,
      10010021
    ],
    "productName": "Toniks Royale Indian ar saldinātājiem 1l",
    "productPriceOld": null,
    "productPrice": {
      "value": 1.49,
      "unit": "€/gab"
    },
    "productPricePerUnit": {
      "value": 1.49,
      "unit": "€/l"
    },
    "productPriceWithLoyaltyCard": null,
    "productPricePerUnitWithLoyaltyCard": null,
    "imageUrl": "https://rimibaltic-res.cloudinary.com/image/upload/d_ecommerce:backend-fallback.png/MAT_1373746_PCE_LV",
    "available": true,
    "discount": null
  },
  {
    "shop": "RIMI",
    "categories": [
      1,
      1002,
      10010021
    ],
    "productName": "Toniks Royale Pink ar saldinātājiem 1l",
    "productPriceOld": null,
    "productPrice": {
      "value": 1.49,
      "unit": "€/gab"
    },
    "productPricePerUnit": {
      "value": 1.49,
      "unit": "€/l"
    },
    "productPriceWithLoyaltyCard": null,
    "productPricePerUnitWithLoyaltyCard": null,
    "imageUrl": "https://rimibaltic-res.cloudinary.com/image/upload/d_ecommerce:backend-fallback.png/MAT_1373747_PCE_LV",
    "available": true,
    "discount": null
  },
  {
    "shop": "CITRO",
    "categories": [
      1,
      1001,
      1001001
    ],
    "productName": "ALUS LĀČPLĒSIS DZINTARA 4.8% 1L",
    "productPriceOld": {
      "value": 1.99,
      "unit": "€"
    },
    "productPrice": {
      "value": 1.49,
      "unit": "€"
    },
    "productPricePerUnit": {
      "value": 1.49,
      "unit": "€/L"
    },
    "productPriceWithLoyaltyCard": null,
    "productPricePerUnitWithLoyaltyCard": null,
    "imageUrl": "https://rezekne.citro.lv/wp-content/uploads/2022/05/4750132007595-300x300.jpg",
    "available": true,
    "discount": 25
  },
  {
    "shop": "CITRO",
    "categories": [
      1,
      1002,
      10010020
    ],
    "productName": "ELMENHORSTER SARKANO VĪNOGU NEKTĀRS 50% 1L",
    "productPriceOld": null,
    "productPrice": null,
    "productPricePerUnit": {
      "value": 1.49,
      "unit": "€/L"
    },
    "productPriceWithLoyaltyCard": null,
    "productPricePerUnitWithLoyaltyCard": null,
    "imageUrl": "https://rezekne.citro.lv/wp-content/uploads/2020/12/4770569913610-300x300.jpg",
    "available": true,
    "discount": null
  },
  {
    "shop": "RIMI",
    "categories": [
      2,
      2001,
      2001004
    ],
    "productName": "Rudzu maize Druva Formas 600g",
    "productPriceOld": {
      "value": 1.39,
      "unit": "€"
    },
    "productPrice": {
      "value": 0.9,
      "unit": "€/gab"
    },
    "productPricePerUnit": {
      "value": 1.5,
      "unit": "€/kg"
    },
    "productPriceWithLoyaltyCard": null,
    "productPricePerUnitWithLoyaltyCard": null,
    "imageUrl": "https://rimibaltic-res.cloudinary.com/image/upload/d_ecommerce:backend-fallback.png/MAT_4006069_PCE_LV",
    "available": true,
    "discount": 35
  },
  {
    "shop": "RIMI",
    "categories": [
      1,
      1002,
      10010024
    ],
    "productName": "Dzeramais ūdens Everest negāzēts 0,5l",
    "productPriceOld": null,
    "productPrice": {
      "value": 0.75,
      "unit": "€/gab"
    },
    "productPricePerUnit": {
      "value": 1.5,
      "unit": "€/l"
    },
    "productPriceWithLoyaltyCard": null,
    "productPricePerUnitWithLoyaltyCard": null,
    "imageUrl": "https://rimibaltic-res.cloudinary.com/image/upload/d_ecommerce:backend-fallback.png/MAT_1350534_PCE_LV",
    "available": true,
    "discount": null
  },
  {
    "shop": "RIMI",
    "categories": [
      1,
      1002,
      10010020
    ],
    "productName": "Ābolu sula Latvija  BIO 3l",
    "productPriceOld": null,
    "productPrice": {
      "value": 4.49,
      "unit": "€/gab"
    },
    "productPricePerUnit": {
      "value": 1.5,
      "unit": "€/l"
    },
    "productPriceWithLoyaltyCard": null,
    "productPricePerUnitWithLoyaltyCard": null,
    "imageUrl": "https://rimibaltic-res.cloudinary.com/image/upload/d_ecommerce:backend-fallback.png/MAT_194735_PCE_LV",
    "available": true,
    "discount": null
  },
  {
    "shop": "RIMI",
    "categories": [
      1,
      1002,
      10010024
    ],
    "productName": "Dzeramais ūdens Everest gāzēts 0,5l",
    "productPriceOld": null,
    "productPrice": {
      "value": 0.75,
      "unit": "€/gab"
    },
    "productPricePerUnit": {
      "value": 1.5,
      "unit": "€/l"
    },
    "productPriceWithLoyaltyCard": null,
    "productPricePerUnitWithLoyaltyCard": null,
    "imageUrl": "https://rimibaltic-res.cloudinary.com/image/upload/d_ecommerce:backend-fallback.png/MAT_1350533_PCE_LV",
    "available": true,
    "discount": null
  },
  {
    "shop": "RIMI",
    "categories": [
      1,
      1002,
      10010024
    ],
    "productName": "Ūdens Mangaļi Plus ar minerālsāļ. gāzēts 0,5l",
    "productPriceOld": null,
    "productPrice": {
      "value": 0.85,
      "unit": "€/gab"
    },
    "productPricePerUnit": {
      "value": 1.7,
      "unit": "€/l"
    },
    "productPriceWithLoyaltyCard": {
      "value": 0.75,
      "unit": "€"
    },
    "productPricePerUnitWithLoyaltyCard": {
      "value": 1.5,
      "unit": "€/l"
    },
    "imageUrl": "https://rimibaltic-res.cloudinary.com/image/upload/d_ecommerce:backend-fallback.png/MAT_1370877_PCE_LV",
    "available": true,
    "discount": 12
  },
  {
    "shop": "RIMI",
    "categories": [
      1,
      1002,
      10010020
    ],
    "productName": "Sulas dzēriens Tymbark multivitamīnu 2l",
    "productPriceOld": null,
    "productPrice": {
      "value": 2.99,
      "unit": "€/gab"
    },
    "productPricePerUnit": {
      "value": 1.5,
      "unit": "€/l"
    },
    "productPriceWithLoyaltyCard": null,
    "productPricePerUnitWithLoyaltyCard": null,
    "imageUrl": "https://rimibaltic-res.cloudinary.com/image/upload/d_ecommerce:backend-fallback.png/MAT_195310_PCE_LV",
    "available": true,
    "discount": null
  },
  {
    "shop": "RIMI",
    "categories": [
      1,
      1001,
      1001001
    ],
    "productName": "Alus Aldaris Pilzenes 4,2% 0,568l",
    "productPriceOld": null,
    "productPrice": {
      "value": 1.45,
      "unit": "€/gab"
    },
    "productPricePerUnit": {
      "value": 2.55,
      "unit": "€/l"
    },
    "productPriceWithLoyaltyCard": {
      "value": 0.85,
      "unit": "€"
    },
    "productPricePerUnitWithLoyaltyCard": {
      "value": 1.5,
      "unit": "€/l"
    },
    "imageUrl": "https://rimibaltic-res.cloudinary.com/image/upload/d_ecommerce:backend-fallback.png/MAT_1371267_PCE_LV",
    "available": true,
    "discount": 41
  },
  {
    "shop": "RIMI",
    "categories": [
      1,
      1001,
      1001001
    ],
    "productName": "Alus Aldaris Pilzenes 4,2% 0,568l",
    "productPriceOld": null,
    "productPrice": {
      "value": 1.45,
      "unit": "€/gab"
    },
    "productPricePerUnit": {
      "value": 2.55,
      "unit": "€/l"
    },
    "productPriceWithLoyaltyCard": {
      "value": 0.85,
      "unit": "€"
    },
    "productPricePerUnitWithLoyaltyCard": {
      "value": 1.5,
      "unit": "€/l"
    },
    "imageUrl": "https://rimibaltic-res.cloudinary.com/image/upload/d_ecommerce:backend-fallback.png/MAT_1371267_PCE_LV",
    "available": true,
    "discount": 41
  },
  {
    "shop": "MAXIMA",
    "categories": [
      1,
      1003,
      1003001
    ],
    "productName": "Alus AMBER CITY b/a 0,0% 500ml sk.D",
    "productPriceOld": null,
    "productPrice": {
      "value": 0.75,
      "unit": "€"
    },
    "productPricePerUnit": {
      "value": 1.5,
      "unit": "€/l"
    },
    "productPriceWithLoyaltyCard": null,
    "productPricePerUnitWithLoyaltyCard": null,
    "imageUrl": "https://cdn.barbora.lv/products/1a19fd36-1678-40d2-9cf3-8041bd8fce94_s.png",
    "available": true,
    "discount": null
  },
  {
    "shop": "CITRO",
    "categories": [
      1,
      1002,
      10010021
    ],
    "productName": "DZĒRIENS GĀZ. COCA-COLA 2L PET",
    "productPriceOld": null,
    "productPrice": null,
    "productPricePerUnit": {
      "value": 1.5,
      "unit": "€/L"
    },
    "productPriceWithLoyaltyCard": null,
    "productPricePerUnitWithLoyaltyCard": null,
    "imageUrl": "https://rezekne.citro.lv/wp-content/uploads/2022/02/5000112651355-300x300.jpg",
    "available": true,
    "discount": null
  },
  {
    "shop": "CITRO",
    "categories": [
      1,
      1002,
      10010027
    ],
    "productName": "DZĒRIENS VESELĪBAS IĻĢUCIEMA 1.5L",
    "productPriceOld": null,
    "productPrice": null,
    "productPricePerUnit": {
      "value": 1.5,
      "unit": "€/L"
    },
    "productPriceWithLoyaltyCard": null,
    "productPricePerUnitWithLoyaltyCard": null,
    "imageUrl": "https://rezekne.citro.lv/wp-content/uploads/2022/06/4750239004916-300x300.jpg",
    "available": true,
    "discount": null
  },
  {
    "shop": "CITRO",
    "categories": [
      2,
      2001,
      2001006
    ],
    "productName": "RUPJMAIZE TAUTAS FORMAS 500G VECĀ MAIZNĪCA",
    "productPriceOld": {
      "value": 1.15,
      "unit": "€"
    },
    "productPrice": {
      "value": 0.75,
      "unit": "€"
    },
    "productPricePerUnit": {
      "value": 1.5,
      "unit": "€/KG"
    },
    "productPriceWithLoyaltyCard": null,
    "productPricePerUnitWithLoyaltyCard": null,
    "imageUrl": "https://rezekne.citro.lv/wp-content/uploads/2020/12/4750570000776-300x300.jpg",
    "available": true,
    "discount": 35
  },
  {
    "shop": "RIMI",
    "categories": [
      1,
      1001,
      1001001
    ],
    "productName": "Alus Lāčplēsis Dzintara 4,6% 0,5l skārdene",
    "productPriceOld": null,
    "productPrice": {
      "value": 0.76,
      "unit": "€/gab"
    },
    "productPricePerUnit": {
      "value": 1.52,
      "unit": "€/l"
    },
    "productPriceWithLoyaltyCard": null,
    "productPricePerUnitWithLoyaltyCard": null,
    "imageUrl": "https://rimibaltic-res.cloudinary.com/image/upload/d_ecommerce:backend-fallback.png/MAT_1352471_PCE_LV",
    "available": true,
    "discount": null
  },
  {
    "shop": "RIMI",
    "categories": [
      1,
      1002,
      10010021
    ],
    "productName": "Gāz.dzēriens Mountain Dew 1,5L",
    "productPriceOld": null,
    "productPrice": {
      "value": 2.79,
      "unit": "€/gab"
    },
    "productPricePerUnit": {
      "value": 1.86,
      "unit": "€/l"
    },
    "productPriceWithLoyaltyCard": {
      "value": 2.29,
      "unit": "€"
    },
    "productPricePerUnitWithLoyaltyCard": {
      "value": 1.53,
      "unit": "€/l"
    },
    "imageUrl": "https://rimibaltic-res.cloudinary.com/image/upload/d_ecommerce:backend-fallback.png/MAT_1360410_PCE_LV",
    "available": true,
    "discount": 18
  },
  {
    "shop": "RIMI",
    "categories": [
      1,
      1002,
      10010021
    ],
    "productName": "Dzēriens Smith&Williams Grapefruit 1,5l",
    "productPriceOld": null,
    "productPrice": {
      "value": 2.29,
      "unit": "€/gab"
    },
    "productPricePerUnit": {
      "value": 1.53,
      "unit": "€/l"
    },
    "productPriceWithLoyaltyCard": null,
    "productPricePerUnitWithLoyaltyCard": null,
    "imageUrl": "https://rimibaltic-res.cloudinary.com/image/upload/d_ecommerce:backend-fallback.png/MAT_1368643_PCE_LV",
    "available": true,
    "discount": null
  },
  {
    "shop": "RIMI",
    "categories": [
      1,
      1002,
      10010021
    ],
    "productName": "Gāz. dzēr. Smith & Williams Tonic Water 1,5l",
    "productPriceOld": null,
    "productPrice": {
      "value": 2.29,
      "unit": "€/gab"
    },
    "productPricePerUnit": {
      "value": 1.53,
      "unit": "€/l"
    },
    "productPriceWithLoyaltyCard": null,
    "productPricePerUnitWithLoyaltyCard": null,
    "imageUrl": "https://rimibaltic-res.cloudinary.com/image/upload/d_ecommerce:backend-fallback.png/MAT_1368298_PCE_LV",
    "available": true,
    "discount": null
  },
  {
    "shop": "RIMI",
    "categories": [
      1,
      1002,
      10010021
    ],
    "productName": "Bezalko. dzēriens Rose Lemonade gāz. 1,5l",
    "productPriceOld": null,
    "productPrice": {
      "value": 2.29,
      "unit": "€/gab"
    },
    "productPricePerUnit": {
      "value": 1.53,
      "unit": "€/l"
    },
    "productPriceWithLoyaltyCard": null,
    "productPricePerUnitWithLoyaltyCard": null,
    "imageUrl": "https://rimibaltic-res.cloudinary.com/image/upload/d_ecommerce:backend-fallback.png/MAT_1373334_PCE_LV",
    "available": true,
    "discount": null
  },
  {
    "shop": "RIMI",
    "categories": [
      1,
      1002,
      10010021
    ],
    "productName": "Gāz. dzēr. Smith & Williams Red Mixer 1,5l",
    "productPriceOld": null,
    "productPrice": {
      "value": 2.29,
      "unit": "€/gab"
    },
    "productPricePerUnit": {
      "value": 1.53,
      "unit": "€/l"
    },
    "productPriceWithLoyaltyCard": null,
    "productPricePerUnitWithLoyaltyCard": null,
    "imageUrl": "https://rimibaltic-res.cloudinary.com/image/upload/d_ecommerce:backend-fallback.png/MAT_1368297_PCE_LV",
    "available": true,
    "discount": null
  },
  {
    "shop": "MAXIMA",
    "categories": [
      1,
      1002,
      10010021
    ],
    "productName": "Gāzēts dzēriens PEPSI MAX 1,5L D",
    "productPriceOld": null,
    "productPrice": {
      "value": 2.29,
      "unit": "€"
    },
    "productPricePerUnit": {
      "value": 1.53,
      "unit": "€/l"
    },
    "productPriceWithLoyaltyCard": null,
    "productPricePerUnitWithLoyaltyCard": null,
    "imageUrl": "https://cdn.barbora.lv/products/91aa5e76-f17f-4470-a578-92a43ff463f6_s.png",
    "available": true,
    "discount": null
  },
  {
    "shop": "MAXIMA",
    "categories": [
      1,
      1002,
      10010021
    ],
    "productName": "Gāzēts dzēriens PEPSI 1,5L D",
    "productPriceOld": null,
    "productPrice": {
      "value": 2.29,
      "unit": "€"
    },
    "productPricePerUnit": {
      "value": 1.53,
      "unit": "€/l"
    },
    "productPriceWithLoyaltyCard": null,
    "productPricePerUnitWithLoyaltyCard": null,
    "imageUrl": "https://cdn.barbora.lv/products/ca7302e2-08c4-4186-acf0-a12e3bd4d3ba_s.png",
    "available": true,
    "discount": null
  },
  {
    "shop": "MAXIMA",
    "categories": [
      1,
      1002,
      10010021
    ],
    "productName": "Gāzēts dzēriens PEPSI LIME 1,5L D",
    "productPriceOld": null,
    "productPrice": {
      "value": 2.29,
      "unit": "€"
    },
    "productPricePerUnit": {
      "value": 1.53,
      "unit": "€/l"
    },
    "productPriceWithLoyaltyCard": null,
    "productPricePerUnitWithLoyaltyCard": null,
    "imageUrl": "https://cdn.barbora.lv/products/d64ce640-8ddf-41b0-a929-9045ec037c3e_s.png",
    "available": true,
    "discount": null
  },
  {
    "shop": "MAXIMA",
    "categories": [
      1,
      1002,
      10010021
    ],
    "productName": "Gāzēts dzēriens MIRINDA 1,5L D",
    "productPriceOld": null,
    "productPrice": {
      "value": 2.29,
      "unit": "€"
    },
    "productPricePerUnit": {
      "value": 1.53,
      "unit": "€/l"
    },
    "productPriceWithLoyaltyCard": null,
    "productPricePerUnitWithLoyaltyCard": null,
    "imageUrl": "https://cdn.barbora.lv/products/e6a26eea-666c-4056-8187-459ade38b073_s.png",
    "available": true,
    "discount": null
  },
  {
    "shop": "MAXIMA",
    "categories": [
      1,
      1002,
      10010021
    ],
    "productName": "Gāzēts dzēriens 7UP 1,5L D",
    "productPriceOld": null,
    "productPrice": {
      "value": 2.29,
      "unit": "€"
    },
    "productPricePerUnit": {
      "value": 1.53,
      "unit": "€/l"
    },
    "productPriceWithLoyaltyCard": null,
    "productPricePerUnitWithLoyaltyCard": null,
    "imageUrl": "https://cdn.barbora.lv/products/184ec1fa-adb8-4d53-9f73-a2b0a3723288_s.png",
    "available": true,
    "discount": null
  },
  {
    "shop": "RIMI",
    "categories": [
      1,
      1002,
      10010024
    ],
    "productName": "Gāzēts dabīgais minerālūdens Nabeghlavi 1l",
    "productPriceOld": null,
    "productPrice": {
      "value": 1.55,
      "unit": "€/gab"
    },
    "productPricePerUnit": {
      "value": 1.55,
      "unit": "€/l"
    },
    "productPriceWithLoyaltyCard": null,
    "productPricePerUnitWithLoyaltyCard": null,
    "imageUrl": "https://rimibaltic-res.cloudinary.com/image/upload/d_ecommerce:backend-fallback.png/MAT_1371885_PCE_LV",
    "available": true,
    "discount": null
  },
  {
    "shop": "RIMI",
    "categories": [
      1,
      1002,
      10010020
    ],
    "productName": "Sula Gutta Max tomātu 2l",
    "productPriceOld": null,
    "productPrice": {
      "value": 3.09,
      "unit": "€/gab"
    },
    "productPricePerUnit": {
      "value": 1.55,
      "unit": "€/l"
    },
    "productPriceWithLoyaltyCard": null,
    "productPricePerUnitWithLoyaltyCard": null,
    "imageUrl": "https://rimibaltic-res.cloudinary.com/image/upload/d_ecommerce:backend-fallback.png/MAT_108217_PCE_LV",
    "available": true,
    "discount": null
  },
  {
    "shop": "MAXIMA",
    "categories": [
      1,
      1002,
      10010020
    ],
    "productName": "Nektārs WELL DONE banānu 1L",
    "productPriceOld": null,
    "productPrice": {
      "value": 1.55,
      "unit": "€"
    },
    "productPricePerUnit": {
      "value": 1.55,
      "unit": "€/l"
    },
    "productPriceWithLoyaltyCard": null,
    "productPricePerUnitWithLoyaltyCard": null,
    "imageUrl": "https://cdn.barbora.lv/products/d08bcd65-3936-49c4-9ff6-bc7c878d1ac0_s.png",
    "available": true,
    "discount": null
  },
  {
    "shop": "MAXIMA",
    "categories": [
      1,
      1002,
      10010020
    ],
    "productName": "Sula GUTTA MAX tomātu 2L",
    "productPriceOld": null,
    "productPrice": {
      "value": 3.09,
      "unit": "€"
    },
    "productPricePerUnit": {
      "value": 1.55,
      "unit": "€/l"
    },
    "productPriceWithLoyaltyCard": null,
    "productPricePerUnitWithLoyaltyCard": null,
    "imageUrl": "https://cdn.barbora.lv/products/e20b33bf-a347-42e4-adb0-5afdaa7da4c3_s.png",
    "available": true,
    "discount": null
  },
  {
    "shop": "CITRO",
    "categories": [
      1,
      1001,
      1001001
    ],
    "productName": "ALUS CĒSU MIEZĪTIS TUMŠAIS 5.8% 1L PET",
    "productPriceOld": {
      "value": 1.99,
      "unit": "€"
    },
    "productPrice": {
      "value": 1.55,
      "unit": "€"
    },
    "productPricePerUnit": {
      "value": 1.55,
      "unit": "€/L"
    },
    "productPriceWithLoyaltyCard": null,
    "productPricePerUnitWithLoyaltyCard": null,
    "imageUrl": "https://rezekne.citro.lv/wp-content/uploads/2022/03/4750142005666-300x300.jpg",
    "available": true,
    "discount": 22
  },
  {
    "shop": "CITRO",
    "categories": [
      1,
      1002,
      10010024
    ],
    "productName": "MINERĀLŪDENS PERRIER GĀZĒTS 1L PET",
    "productPriceOld": {
      "value": 1.69,
      "unit": "€"
    },
    "productPrice": {
      "value": 1.55,
      "unit": "€"
    },
    "productPricePerUnit": {
      "value": 1.55,
      "unit": "€/L"
    },
    "productPriceWithLoyaltyCard": null,
    "productPricePerUnitWithLoyaltyCard": null,
    "imageUrl": "https://rezekne.citro.lv/wp-content/uploads/2022/07/7613035833272-300x300.jpg",
    "available": true,
    "discount": 8
  },
  {
    "shop": "MAXIMA",
    "categories": [
      1,
      1001,
      1001001
    ],
    "productName": "Alus CĒSU PREMIUM PINTE 5% 0,568L sk.D",
    "productPriceOld": {
      "value": 1.41,
      "unit": "€"
    },
    "productPrice": {
      "value": 1.41,
      "unit": "€"
    },
    "productPricePerUnit": {
      "value": 2.48,
      "unit": "€/l"
    },
    "productPriceWithLoyaltyCard": {
      "value": 0.89,
      "unit": "€"
    },
    "productPricePerUnitWithLoyaltyCard": {
      "value": 1.57,
      "unit": "€/l"
    },
    "imageUrl": "https://cdn.barbora.lv/products/af96aa4b-54ce-4a06-ace0-c6b47534146b_s.png",
    "available": true,
    "discount": 37
  },
  {
    "shop": "CITRO",
    "categories": [
      1,
      1001,
      1001001
    ],
    "productName": "ALUS LĀČPLĒSIS EKSTRA 5.2% 0.568L CAN",
    "productPriceOld": {
      "value": 1.29,
      "unit": "€"
    },
    "productPrice": {
      "value": 0.89,
      "unit": "€"
    },
    "productPricePerUnit": {
      "value": 1.57,
      "unit": "€/L"
    },
    "productPriceWithLoyaltyCard": null,
    "productPricePerUnitWithLoyaltyCard": null,
    "imageUrl": "https://rezekne.citro.lv/wp-content/uploads/2022/05/4750132007410-300x300.jpg",
    "available": true,
    "discount": 31
  },
  {
    "shop": "RIMI",
    "categories": [
      1,
      1003,
      1003001
    ],
    "productName": "Bezalkoholiskais alus Mītava 0,5l",
    "productPriceOld": {
      "value": 2.19,
      "unit": "€"
    },
    "productPrice": {
      "value": 0.79,
      "unit": "€/gab"
    },
    "productPricePerUnit": {
      "value": 1.58,
      "unit": "€/l"
    },
    "productPriceWithLoyaltyCard": null,
    "productPricePerUnitWithLoyaltyCard": null,
    "imageUrl": "https://rimibaltic-res.cloudinary.com/image/upload/d_ecommerce:backend-fallback.png/MAT_1375231_PCE_LV",
    "available": true,
    "discount": 64
  },
  {
    "shop": "RIMI",
    "categories": [
      1,
      1002,
      10010024
    ],
    "productName": "Ūdens VF Mangaļi citrusaugļu 0,5l",
    "productPriceOld": null,
    "productPrice": {
      "value": 0.89,
      "unit": "€/gab"
    },
    "productPricePerUnit": {
      "value": 1.78,
      "unit": "€/l"
    },
    "productPriceWithLoyaltyCard": {
      "value": 0.79,
      "unit": "€"
    },
    "productPricePerUnitWithLoyaltyCard": {
      "value": 1.58,
      "unit": "€/l"
    },
    "imageUrl": "https://rimibaltic-res.cloudinary.com/image/upload/d_ecommerce:backend-fallback.png/MAT_1365385_PCE_LV",
    "available": true,
    "discount": 11
  },
  {
    "shop": "MAXIMA",
    "categories": [
      1,
      1002,
      10010024
    ],
    "productName": "Dab. minerālūdens NEPTUNAS negāz.500ml D",
    "productPriceOld": null,
    "productPrice": {
      "value": 0.79,
      "unit": "€"
    },
    "productPricePerUnit": {
      "value": 1.58,
      "unit": "€/l"
    },
    "productPriceWithLoyaltyCard": null,
    "productPricePerUnitWithLoyaltyCard": null,
    "imageUrl": "https://cdn.barbora.lv/products/74bfc1d3-7653-4ddc-ae6a-b496e9e65d14_s.png",
    "available": true,
    "discount": null
  },
  {
    "shop": "MAXIMA",
    "categories": [
      1,
      1002,
      10010024
    ],
    "productName": "Dab. minerālūdens NEPTUNAS gāz. 500ml D",
    "productPriceOld": null,
    "productPrice": {
      "value": 0.79,
      "unit": "€"
    },
    "productPricePerUnit": {
      "value": 1.58,
      "unit": "€/l"
    },
    "productPriceWithLoyaltyCard": null,
    "productPricePerUnitWithLoyaltyCard": null,
    "imageUrl": "https://cdn.barbora.lv/products/9c0f7eec-9568-4b28-97f9-c50aa3ec4a1f_s.png",
    "available": true,
    "discount": null
  },
  {
    "shop": "MAXIMA",
    "categories": [
      1,
      1003,
      1003001
    ],
    "productName": "Alus CRONUS German bezalkoh. 0,5L sk.D",
    "productPriceOld": null,
    "productPrice": {
      "value": 0.79,
      "unit": "€"
    },
    "productPricePerUnit": {
      "value": 1.58,
      "unit": "€/l"
    },
    "productPriceWithLoyaltyCard": null,
    "productPricePerUnitWithLoyaltyCard": null,
    "imageUrl": "https://cdn.barbora.lv/products/9125668f-8bc3-415c-8f57-23d362b8dd94_s.png",
    "available": true,
    "discount": null
  },
  {
    "shop": "RIMI",
    "categories": [
      1,
      1002,
      10010020
    ],
    "productName": "Sula Rimi ābolu 100% 1l",
    "productPriceOld": null,
    "productPrice": {
      "value": 1.59,
      "unit": "€/gab"
    },
    "productPricePerUnit": {
      "value": 1.59,
      "unit": "€/l"
    },
    "productPriceWithLoyaltyCard": null,
    "productPricePerUnitWithLoyaltyCard": null,
    "imageUrl": "https://rimibaltic-res.cloudinary.com/image/upload/d_ecommerce:backend-fallback.png/MAT_801004_PCE_LV",
    "available": true,
    "discount": null
  },
  {
    "shop": "RIMI",
    "categories": [
      1,
      1002,
      10010020
    ],
    "productName": "Nektārs Rimi sarkano vīnogu 1l",
    "productPriceOld": null,
    "productPrice": {
      "value": 1.59,
      "unit": "€/gab"
    },
    "productPricePerUnit": {
      "value": 1.59,
      "unit": "€/l"
    },
    "productPriceWithLoyaltyCard": null,
    "productPricePerUnitWithLoyaltyCard": null,
    "imageUrl": "https://rimibaltic-res.cloudinary.com/image/upload/d_ecommerce:backend-fallback.png/MAT_803424_PCE_LV",
    "available": true,
    "discount": null
  },
  {
    "shop": "RIMI",
    "categories": [
      1,
      1002,
      10010024
    ],
    "productName": "Dabīgais minerālūdens Peter Mikheim gāzēts 1l",
    "productPriceOld": null,
    "productPrice": {
      "value": 1.59,
      "unit": "€/gab"
    },
    "productPricePerUnit": {
      "value": 1.59,
      "unit": "€/l"
    },
    "productPriceWithLoyaltyCard": null,
    "productPricePerUnitWithLoyaltyCard": null,
    "imageUrl": "https://rimibaltic-res.cloudinary.com/image/upload/d_ecommerce:backend-fallback.png/MAT_1370677_PCE_LV",
    "available": true,
    "discount": null
  },
  {
    "shop": "RIMI",
    "categories": [
      1,
      1002,
      10010020
    ],
    "productName": "Sula Elmenhorster ābolu 100% 1l",
    "productPriceOld": null,
    "productPrice": {
      "value": 1.59,
      "unit": "€/gab"
    },
    "productPricePerUnit": {
      "value": 1.59,
      "unit": "€/l"
    },
    "productPriceWithLoyaltyCard": null,
    "productPricePerUnitWithLoyaltyCard": null,
    "imageUrl": "https://rimibaltic-res.cloudinary.com/image/upload/d_ecommerce:backend-fallback.png/MAT_136022_PCE_LV",
    "available": true,
    "discount": null
  },
  {
    "shop": "RIMI",
    "categories": [
      1,
      1002,
      10010027
    ],
    "productName": "Dzēr. Frutto arbūzu, meloņu ar vit. 1,5l",
    "productPriceOld": null,
    "productPrice": {
      "value": 2.39,
      "unit": "€/gab"
    },
    "productPricePerUnit": {
      "value": 1.59,
      "unit": "€/l"
    },
    "productPriceWithLoyaltyCard": null,
    "productPricePerUnitWithLoyaltyCard": null,
    "imageUrl": "https://rimibaltic-res.cloudinary.com/image/upload/d_ecommerce:backend-fallback.png/MAT_1363728_PCE_LV",
    "available": true,
    "discount": null
  },
  {
    "shop": "RIMI",
    "categories": [
      1,
      1002,
      10010020
    ],
    "productName": "Greipfrūtu nektārs Elmenhorster 50% 1l",
    "productPriceOld": null,
    "productPrice": {
      "value": 1.79,
      "unit": "€/gab"
    },
    "productPricePerUnit": {
      "value": 1.79,
      "unit": "€/l"
    },
    "productPriceWithLoyaltyCard": {
      "value": 1.59,
      "unit": "€"
    },
    "productPricePerUnitWithLoyaltyCard": {
      "value": 1.59,
      "unit": "€/l"
    },
    "imageUrl": "https://rimibaltic-res.cloudinary.com/image/upload/d_ecommerce:backend-fallback.png/MAT_1014757_PCE_LV",
    "available": true,
    "discount": 11
  },
  {
    "shop": "RIMI",
    "categories": [
      1,
      1002,
      10010020
    ],
    "productName": "Nektārs Elmenhorster sarkano vīnogu 50% 1l",
    "productPriceOld": null,
    "productPrice": {
      "value": 1.59,
      "unit": "€/gab"
    },
    "productPricePerUnit": {
      "value": 1.59,
      "unit": "€/l"
    },
    "productPriceWithLoyaltyCard": null,
    "productPricePerUnitWithLoyaltyCard": null,
    "imageUrl": "https://rimibaltic-res.cloudinary.com/image/upload/d_ecommerce:backend-fallback.png/MAT_155399_PCE_LV",
    "available": true,
    "discount": null
  },
  {
    "shop": "RIMI",
    "categories": [
      1,
      1001,
      1001001
    ],
    "productName": "Alus Apinītis stiprais PET 5,8% 1l",
    "productPriceOld": null,
    "productPrice": {
      "value": 2.39,
      "unit": "€/gab"
    },
    "productPricePerUnit": {
      "value": 2.39,
      "unit": "€/l"
    },
    "productPriceWithLoyaltyCard": {
      "value": 1.59,
      "unit": "€"
    },
    "productPricePerUnitWithLoyaltyCard": {
      "value": 1.59,
      "unit": "€/l"
    },
    "imageUrl": "https://rimibaltic-res.cloudinary.com/image/upload/d_ecommerce:backend-fallback.png/MAT_7182537_PCE_LV",
    "available": true,
    "discount": 33
  },
  {
    "shop": "MAXIMA",
    "categories": [
      1,
      1002,
      10010024
    ],
    "productName": "Dab.minerālūdens NABEGHLAVI gāzēts 1L D",
    "productPriceOld": null,
    "productPrice": {
      "value": 1.59,
      "unit": "€"
    },
    "productPricePerUnit": {
      "value": 1.59,
      "unit": "€/l"
    },
    "productPriceWithLoyaltyCard": null,
    "productPricePerUnitWithLoyaltyCard": null,
    "imageUrl": "https://cdn.barbora.lv/products/f05becf2-c626-43fc-9af1-4337db747a20_s.png",
    "available": true,
    "discount": null
  },
  {
    "shop": "MAXIMA",
    "categories": [
      1,
      1002,
      10010020
    ],
    "productName": "Sula WELL DONE ābolu 1L",
    "productPriceOld": null,
    "productPrice": {
      "value": 1.59,
      "unit": "€"
    },
    "productPricePerUnit": {
      "value": 1.59,
      "unit": "€/l"
    },
    "productPriceWithLoyaltyCard": null,
    "productPricePerUnitWithLoyaltyCard": null,
    "imageUrl": "https://cdn.barbora.lv/products/302e5876-db57-4d35-a571-1cda52b9b52d_s.png",
    "available": true,
    "discount": null
  },
  {
    "shop": "MAXIMA",
    "categories": [
      1,
      1002,
      10010020
    ],
    "productName": "Sula ELMENHORSTER ābolu 100% 1L",
    "productPriceOld": null,
    "productPrice": {
      "value": 1.59,
      "unit": "€"
    },
    "productPricePerUnit": {
      "value": 1.59,
      "unit": "€/l"
    },
    "productPriceWithLoyaltyCard": null,
    "productPricePerUnitWithLoyaltyCard": null,
    "imageUrl": "https://cdn.barbora.lv/products/325b6f5e-2d4d-4d69-8730-14ba04115556_s.png",
    "available": true,
    "discount": null
  },
  {
    "shop": "MAXIMA",
    "categories": [
      1,
      1002,
      10010020
    ],
    "productName": "Sulas dzēriens PFANNER anan.-kokosr. 1L",
    "productPriceOld": {
      "value": 1.99,
      "unit": "€"
    },
    "productPrice": {
      "value": 1.99,
      "unit": "€"
    },
    "productPricePerUnit": {
      "value": 1.99,
      "unit": "€/l"
    },
    "productPriceWithLoyaltyCard": {
      "value": 1.59,
      "unit": "€"
    },
    "productPricePerUnitWithLoyaltyCard": {
      "value": 1.59,
      "unit": "€/l"
    },
    "imageUrl": "https://cdn.barbora.lv/products/0f88f156-58da-49b2-a0d0-10f63415c9a4_s.png",
    "available": true,
    "discount": 20
  },
  {
    "shop": "MAXIMA",
    "categories": [
      1,
      1002,
      10010020
    ],
    "productName": "Sulas dzēriens PFANNER zemeņu 1L",
    "productPriceOld": {
      "value": 2.69,
      "unit": "€"
    },
    "productPrice": {
      "value": 2.69,
      "unit": "€"
    },
    "productPricePerUnit": {
      "value": 2.69,
      "unit": "€/l"
    },
    "productPriceWithLoyaltyCard": {
      "value": 1.59,
      "unit": "€"
    },
    "productPricePerUnitWithLoyaltyCard": {
      "value": 1.59,
      "unit": "€/l"
    },
    "imageUrl": "https://cdn.barbora.lv/products/153d8906-40cb-4236-8571-591b30c2e81c_s.png",
    "available": true,
    "discount": 41
  },
  {
    "shop": "MAXIMA",
    "categories": [
      1,
      1002,
      10010020
    ],
    "productName": "Sulas dzēriens PFANNER melleņu 1L",
    "productPriceOld": {
      "value": 2.29,
      "unit": "€"
    },
    "productPrice": {
      "value": 2.29,
      "unit": "€"
    },
    "productPricePerUnit": {
      "value": 2.29,
      "unit": "€/l"
    },
    "productPriceWithLoyaltyCard": {
      "value": 1.59,
      "unit": "€"
    },
    "productPricePerUnitWithLoyaltyCard": {
      "value": 1.59,
      "unit": "€/l"
    },
    "imageUrl": "https://cdn.barbora.lv/products/6e478df8-39c8-41f1-bdb6-3e5205690d2b_s.png",
    "available": true,
    "discount": 31
  },
  {
    "shop": "MAXIMA",
    "categories": [
      1,
      1002,
      10010020
    ],
    "productName": "Sulas dzēriens PFANNER marakujas 1L",
    "productPriceOld": {
      "value": 2.49,
      "unit": "€"
    },
    "productPrice": {
      "value": 2.49,
      "unit": "€"
    },
    "productPricePerUnit": {
      "value": 2.49,
      "unit": "€/l"
    },
    "productPriceWithLoyaltyCard": {
      "value": 1.59,
      "unit": "€"
    },
    "productPricePerUnitWithLoyaltyCard": {
      "value": 1.59,
      "unit": "€/l"
    },
    "imageUrl": "https://cdn.barbora.lv/products/3d402a18-b3ef-4790-90ff-16b32466577b_s.png",
    "available": true,
    "discount": 36
  },
  {
    "shop": "MAXIMA",
    "categories": [
      1,
      1002,
      10010020
    ],
    "productName": "Sulas dzēriens PFANNER mango- marakujas 1L",
    "productPriceOld": {
      "value": 2.59,
      "unit": "€"
    },
    "productPrice": {
      "value": 2.59,
      "unit": "€"
    },
    "productPricePerUnit": {
      "value": 2.59,
      "unit": "€/l"
    },
    "productPriceWithLoyaltyCard": {
      "value": 1.59,
      "unit": "€"
    },
    "productPricePerUnitWithLoyaltyCard": {
      "value": 1.59,
      "unit": "€/l"
    },
    "imageUrl": "https://cdn.barbora.lv/products/c83e7839-9a17-494d-8eb1-bb52aab4b3d4_s.png",
    "available": true,
    "discount": 39
  },
  {
    "shop": "MAXIMA",
    "categories": [
      1,
      1001,
      1001001
    ],
    "productName": "Alus BOCMANIS Dzintarjūras 5,8% 1L PET D",
    "productPriceOld": {
      "value": 1.85,
      "unit": "€"
    },
    "productPrice": {
      "value": 1.59,
      "unit": "€"
    },
    "productPricePerUnit": {
      "value": 1.59,
      "unit": "€/l"
    },
    "productPriceWithLoyaltyCard": null,
    "productPricePerUnitWithLoyaltyCard": null,
    "imageUrl": "https://cdn.barbora.lv/products/f76b751a-a186-4128-a23c-e2a0d931e925_s.png",
    "available": true,
    "discount": 14
  },
  {
    "shop": "CITRO",
    "categories": [
      1,
      1001,
      1001001
    ],
    "productName": "ALUS BOCMANIS DZINTARJŪRAS 5.8% 1L",
    "productPriceOld": null,
    "productPrice": null,
    "productPricePerUnit": {
      "value": 1.59,
      "unit": "€/L"
    },
    "productPriceWithLoyaltyCard": null,
    "productPricePerUnitWithLoyaltyCard": null,
    "imageUrl": "https://rezekne.citro.lv/wp-content/uploads/2022/06/4750142005673-300x300.jpg",
    "available": true,
    "discount": null
  },
  {
    "shop": "CITRO",
    "categories": [
      1,
      1002,
      10010020
    ],
    "productName": "SULA ELMENHORSTER ĀBOLU 100% 1L",
    "productPriceOld": null,
    "productPrice": null,
    "productPricePerUnit": {
      "value": 1.59,
      "unit": "€/L"
    },
    "productPriceWithLoyaltyCard": null,
    "productPricePerUnitWithLoyaltyCard": null,
    "imageUrl": "https://rezekne.citro.lv/wp-content/uploads/2020/12/4770569201304-300x300.jpg",
    "available": true,
    "discount": null
  },
  {
    "shop": "CITRO",
    "categories": [
      1,
      1002,
      10010020
    ],
    "productName": "SULA TOMĀTU CIDO 1L",
    "productPriceOld": null,
    "productPrice": null,
    "productPricePerUnit": {
      "value": 1.59,
      "unit": "€/L"
    },
    "productPriceWithLoyaltyCard": null,
    "productPricePerUnitWithLoyaltyCard": null,
    "imageUrl": "https://rezekne.citro.lv/wp-content/uploads/2021/02/4750042804222-300x300.jpg",
    "available": true,
    "discount": null
  },
  {
    "shop": "RIMI",
    "categories": [
      1,
      1001,
      1001001
    ],
    "productName": "Alus Aldaris gaišais 6x0,568l",
    "productPriceOld": null,
    "productPrice": {
      "value": 5.49,
      "unit": "€/gab"
    },
    "productPricePerUnit": {
      "value": 1.61,
      "unit": "€/l"
    },
    "productPriceWithLoyaltyCard": null,
    "productPricePerUnitWithLoyaltyCard": null,
    "imageUrl": "https://rimibaltic-res.cloudinary.com/image/upload/d_ecommerce:backend-fallback.png/MAT_1357496_PCE_LV",
    "available": true,
    "discount": null
  },
  {
    "shop": "RIMI",
    "categories": [
      1,
      1002,
      10010020
    ],
    "productName": "Nektārs Rimi greipfrūtu 1l",
    "productPriceOld": null,
    "productPrice": {
      "value": 1.62,
      "unit": "€/gab"
    },
    "productPricePerUnit": {
      "value": 1.62,
      "unit": "€/l"
    },
    "productPriceWithLoyaltyCard": null,
    "productPricePerUnitWithLoyaltyCard": null,
    "imageUrl": "https://rimibaltic-res.cloudinary.com/image/upload/d_ecommerce:backend-fallback.png/MAT_803423_PCE_LV",
    "available": true,
    "discount": null
  },
  {
    "shop": "MAXIMA",
    "categories": [
      1,
      1002,
      10010020
    ],
    "productName": "Nektārs WELL DONE greipfrūtu 1L",
    "productPriceOld": null,
    "productPrice": {
      "value": 1.62,
      "unit": "€"
    },
    "productPricePerUnit": {
      "value": 1.62,
      "unit": "€/l"
    },
    "productPriceWithLoyaltyCard": null,
    "productPricePerUnitWithLoyaltyCard": null,
    "imageUrl": "https://cdn.barbora.lv/products/42526835-9c53-483f-ad8a-6016cd24d14e_s.png",
    "available": true,
    "discount": null
  },
  {
    "shop": "MAXIMA",
    "categories": [
      1,
      1001,
      1001001
    ],
    "productName": "Alus AMBER CITY Gaišais 5% 500ml sk.D",
    "productPriceOld": null,
    "productPrice": {
      "value": 0.81,
      "unit": "€"
    },
    "productPricePerUnit": {
      "value": 1.62,
      "unit": "€/l"
    },
    "productPriceWithLoyaltyCard": null,
    "productPricePerUnitWithLoyaltyCard": null,
    "imageUrl": "https://cdn.barbora.lv/products/90c2ebbc-b395-49d7-81a6-5576f7a42e0a_s.png",
    "available": true,
    "discount": null
  },
  {
    "shop": "RIMI",
    "categories": [
      2,
      2001,
      2001007
    ],
    "productName": "Kviešu kliju maize Rimi Beķera 300g",
    "productPriceOld": null,
    "productPrice": {
      "value": 0.49,
      "unit": "€/gab"
    },
    "productPricePerUnit": {
      "value": 1.63,
      "unit": "€/kg"
    },
    "productPriceWithLoyaltyCard": null,
    "productPricePerUnitWithLoyaltyCard": null,
    "imageUrl": "https://rimibaltic-res.cloudinary.com/image/upload/d_ecommerce:backend-fallback.png/MAT_810025_PCE_LV",
    "available": true,
    "discount": null
  },
  {
    "shop": "RIMI",
    "categories": [
      1,
      1002,
      10010020
    ],
    "productName": "Dzēr.Cido Frutto mix ar A, D, E vitam. 1,5l",
    "productPriceOld": null,
    "productPrice": {
      "value": 2.45,
      "unit": "€/gab"
    },
    "productPricePerUnit": {
      "value": 1.63,
      "unit": "€/l"
    },
    "productPriceWithLoyaltyCard": null,
    "productPricePerUnitWithLoyaltyCard": null,
    "imageUrl": "https://rimibaltic-res.cloudinary.com/image/upload/d_ecommerce:backend-fallback.png/MAT_187770_PCE_LV",
    "available": true,
    "discount": null
  },
  {
    "shop": "RIMI",
    "categories": [
      1,
      1002,
      10010024
    ],
    "productName": "Dabīgais minerālūdens Zaķumuiža Sport 0,765l",
    "productPriceOld": null,
    "productPrice": {
      "value": 1.25,
      "unit": "€/gab"
    },
    "productPricePerUnit": {
      "value": 1.63,
      "unit": "€/l"
    },
    "productPriceWithLoyaltyCard": null,
    "productPricePerUnitWithLoyaltyCard": null,
    "imageUrl": "https://rimibaltic-res.cloudinary.com/image/upload/d_ecommerce:backend-fallback.png/MAT_1367857_PCE_LV",
    "available": true,
    "discount": null
  },
  {
    "shop": "MAXIMA",
    "categories": [
      2,
      2001,
      2001007
    ],
    "productName": "Kliju maize MANA MAIZE 300g",
    "productPriceOld": null,
    "productPrice": {
      "value": 0.49,
      "unit": "€"
    },
    "productPricePerUnit": {
      "value": 1.63,
      "unit": "€/kg"
    },
    "productPriceWithLoyaltyCard": null,
    "productPricePerUnitWithLoyaltyCard": null,
    "imageUrl": "https://cdn.barbora.lv/products/d953db37-7ed6-48de-a673-47a054e53823_s.png",
    "available": true,
    "discount": null
  },
  {
    "shop": "MAXIMA",
    "categories": [
      1,
      1002,
      10010024
    ],
    "productName": "Gāzēts ūdens NEPTUNAS citronu 500ml D",
    "productPriceOld": null,
    "productPrice": {
      "value": 0.82,
      "unit": "€"
    },
    "productPricePerUnit": {
      "value": 1.64,
      "unit": "€/l"
    },
    "productPriceWithLoyaltyCard": null,
    "productPricePerUnitWithLoyaltyCard": null,
    "imageUrl": "https://cdn.barbora.lv/products/bc5e43cf-7de2-4243-8e4f-ac4fffc2eee9_s.png",
    "available": true,
    "discount": null
  },
  {
    "shop": "RIMI",
    "categories": [
      1,
      1002,
      10010020
    ],
    "productName": "Sulu dzēriens Rimi dažādu ogu 1l",
    "productPriceOld": null,
    "productPrice": {
      "value": 1.65,
      "unit": "€/gab"
    },
    "productPricePerUnit": {
      "value": 1.65,
      "unit": "€/l"
    },
    "productPriceWithLoyaltyCard": null,
    "productPricePerUnitWithLoyaltyCard": null,
    "imageUrl": "https://rimibaltic-res.cloudinary.com/image/upload/d_ecommerce:backend-fallback.png/MAT_803334_PCE_LV",
    "available": true,
    "discount": null
  },
  {
    "shop": "RIMI",
    "categories": [
      1,
      1002,
      10010020
    ],
    "productName": "Nektārs Rimi multiaugļu 30% 1l",
    "productPriceOld": null,
    "productPrice": {
      "value": 1.65,
      "unit": "€/gab"
    },
    "productPricePerUnit": {
      "value": 1.65,
      "unit": "€/l"
    },
    "productPriceWithLoyaltyCard": null,
    "productPricePerUnitWithLoyaltyCard": null,
    "imageUrl": "https://rimibaltic-res.cloudinary.com/image/upload/d_ecommerce:backend-fallback.png/MAT_801009_PCE_LV",
    "available": true,
    "discount": null
  },
  {
    "shop": "RIMI",
    "categories": [
      1,
      1002,
      10010027
    ],
    "productName": "Iesala dzēriens Piebalgas 1l",
    "productPriceOld": null,
    "productPrice": {
      "value": 1.65,
      "unit": "€/gab"
    },
    "productPricePerUnit": {
      "value": 1.65,
      "unit": "€/l"
    },
    "productPriceWithLoyaltyCard": null,
    "productPricePerUnitWithLoyaltyCard": null,
    "imageUrl": "https://rimibaltic-res.cloudinary.com/image/upload/d_ecommerce:backend-fallback.png/MAT_1371590_PCE_LV",
    "available": true,
    "discount": null
  },
  {
    "shop": "MAXIMA",
    "categories": [
      1,
      1002,
      10010020
    ],
    "productName": "Sula CIDO tomātu 100% 1L",
    "productPriceOld": null,
    "productPrice": {
      "value": 1.65,
      "unit": "€"
    },
    "productPricePerUnit": {
      "value": 1.65,
      "unit": "€/l"
    },
    "productPriceWithLoyaltyCard": null,
    "productPricePerUnitWithLoyaltyCard": null,
    "imageUrl": "https://cdn.barbora.lv/products/a9cf3a2c-eb59-4666-aa0c-b528ecc6fb0d_s.png",
    "available": true,
    "discount": null
  },
  {
    "shop": "MAXIMA",
    "categories": [
      1,
      1002,
      10010020
    ],
    "productName": "Nektārs WELL DONE multivitamīnu 1L",
    "productPriceOld": null,
    "productPrice": {
      "value": 1.65,
      "unit": "€"
    },
    "productPricePerUnit": {
      "value": 1.65,
      "unit": "€/l"
    },
    "productPriceWithLoyaltyCard": null,
    "productPricePerUnitWithLoyaltyCard": null,
    "imageUrl": "https://cdn.barbora.lv/products/eb33d41b-7bd2-4609-b20a-e1a7a1e967f8_s.png",
    "available": true,
    "discount": null
  },
  {
    "shop": "CITRO",
    "categories": [
      2,
      2001,
      2001004
    ],
    "productName": "MAIZE RUDZU FORMAS DRUVA 600G",
    "productPriceOld": {
      "value": 1.49,
      "unit": "€"
    },
    "productPrice": {
      "value": 0.99,
      "unit": "€"
    },
    "productPricePerUnit": {
      "value": 1.65,
      "unit": "€/KG"
    },
    "productPriceWithLoyaltyCard": null,
    "productPricePerUnitWithLoyaltyCard": null,
    "imageUrl": "https://rezekne.citro.lv/wp-content/uploads/2020/07/Citro-image-placeholder-3.png",
    "available": true,
    "discount": 34
  },
  {
    "shop": "MAXIMA",
    "categories": [
      1,
      1002,
      10010021
    ],
    "productName": "Gāz.dzēr. LIMONĀDE LIMPO zemeņu 0,5L D",
    "productPriceOld": null,
    "productPrice": {
      "value": 0.83,
      "unit": "€"
    },
    "productPricePerUnit": {
      "value": 1.66,
      "unit": "€/l"
    },
    "productPriceWithLoyaltyCard": null,
    "productPricePerUnitWithLoyaltyCard": null,
    "imageUrl": "https://cdn.barbora.lv/products/cb00f03d-424e-439b-9bbb-68b1681b2d1b_s.png",
    "available": true,
    "discount": null
  },
  {
    "shop": "MAXIMA",
    "categories": [
      1,
      1002,
      10010020
    ],
    "productName": "Sula MUIŽKUNGU Ābolu 3L BIB",
    "productPriceOld": null,
    "productPrice": {
      "value": 4.99,
      "unit": "€"
    },
    "productPricePerUnit": {
      "value": 1.66,
      "unit": "€/l"
    },
    "productPriceWithLoyaltyCard": null,
    "productPricePerUnitWithLoyaltyCard": null,
    "imageUrl": "https://cdn.barbora.lv/products/e95ad380-1e74-4139-b7f4-df77de34f486_s.png",
    "available": true,
    "discount": null
  },
  {
    "shop": "CITRO",
    "categories": [
      1,
      1001,
      1001001
    ],
    "productName": "ALUS HOLSTEN SKĀRD. 4.5% 0.5L",
    "productPriceOld": null,
    "productPrice": null,
    "productPricePerUnit": {
      "value": 1.66,
      "unit": "€/L"
    },
    "productPriceWithLoyaltyCard": null,
    "productPricePerUnitWithLoyaltyCard": null,
    "imageUrl": "https://rezekne.citro.lv/wp-content/uploads/2022/06/4750049002713-300x300.jpg",
    "available": true,
    "discount": null
  },
  {
    "shop": "CITRO",
    "categories": [
      1,
      1002,
      10010020
    ],
    "productName": "NEKTĀRS CIDO FRUTTO APELSĪNU 50% 1.5L",
    "productPriceOld": null,
    "productPrice": null,
    "productPricePerUnit": {
      "value": 1.66,
      "unit": "€/L"
    },
    "productPriceWithLoyaltyCard": null,
    "productPricePerUnitWithLoyaltyCard": null,
    "imageUrl": "https://rezekne.citro.lv/wp-content/uploads/2020/12/4750042000174-300x300.jpg",
    "available": true,
    "discount": null
  },
  {
    "shop": "RIMI",
    "categories": [
      1,
      1002,
      10010024
    ],
    "productName": "Ūdens Lielbāta Sport negāzēts 0,75l",
    "productPriceOld": null,
    "productPrice": {
      "value": 1.25,
      "unit": "€/gab"
    },
    "productPricePerUnit": {
      "value": 1.67,
      "unit": "€/l"
    },
    "productPriceWithLoyaltyCard": null,
    "productPricePerUnitWithLoyaltyCard": null,
    "imageUrl": "https://rimibaltic-res.cloudinary.com/image/upload/d_ecommerce:backend-fallback.png/MAT_1361641_PCE_LV",
    "available": true,
    "discount": null
  },
  {
    "shop": "RIMI",
    "categories": [
      1,
      1001,
      1001001
    ],
    "productName": "Alus Aldara gaišais bundžā 5% 0,568l",
    "productPriceOld": null,
    "productPrice": {
      "value": 0.95,
      "unit": "€/gab"
    },
    "productPricePerUnit": {
      "value": 1.67,
      "unit": "€/l"
    },
    "productPriceWithLoyaltyCard": null,
    "productPricePerUnitWithLoyaltyCard": null,
    "imageUrl": "https://rimibaltic-res.cloudinary.com/image/upload/d_ecommerce:backend-fallback.png/MAT_1355557_PCE_LV",
    "available": true,
    "discount": null
  },
  {
    "shop": "MAXIMA",
    "categories": [
      1,
      1002,
      10010024
    ],
    "productName": "Avota ūdens LIELBĀTA SPORT negāzēts 750ml D",
    "productPriceOld": null,
    "productPrice": {
      "value": 1.25,
      "unit": "€"
    },
    "productPricePerUnit": {
      "value": 1.67,
      "unit": "€/l"
    },
    "productPriceWithLoyaltyCard": null,
    "productPricePerUnitWithLoyaltyCard": null,
    "imageUrl": "https://cdn.barbora.lv/products/b0f3571f-1352-4ded-af90-4606adf95386_s.png",
    "available": true,
    "discount": null
  },
  {
    "shop": "CITRO",
    "categories": [
      1,
      1002,
      10010027
    ],
    "productName": "DZĒRIENS VITAMIN PERFORMANCE POWER 0.75L PET",
    "productPriceOld": null,
    "productPrice": null,
    "productPricePerUnit": {
      "value": 1.67,
      "unit": "€/L"
    },
    "productPriceWithLoyaltyCard": null,
    "productPricePerUnitWithLoyaltyCard": null,
    "imageUrl": "https://rezekne.citro.lv/wp-content/uploads/2023/09/4750133075029-scaled-e1695893991882-300x267.jpg",
    "available": true,
    "discount": null
  },
  {
    "shop": "RIMI",
    "categories": [
      1,
      1002,
      10010020
    ],
    "productName": "Nektārs Cido vīnogu 1l",
    "productPriceOld": null,
    "productPrice": {
      "value": 1.99,
      "unit": "€/gab"
    },
    "productPricePerUnit": {
      "value": 1.99,
      "unit": "€/l"
    },
    "productPriceWithLoyaltyCard": {
      "value": 1.69,
      "unit": "€"
    },
    "productPricePerUnitWithLoyaltyCard": {
      "value": 1.69,
      "unit": "€/l"
    },
    "imageUrl": "https://rimibaltic-res.cloudinary.com/image/upload/d_ecommerce:backend-fallback.png/MAT_100635_PCE_LV",
    "available": true,
    "discount": 15
  },
  {
    "shop": "RIMI",
    "categories": [
      1,
      1002,
      10010024
    ],
    "productName": "Ūdens Amrita ar minerālvielām gāzēts 1l",
    "productPriceOld": null,
    "productPrice": {
      "value": 1.69,
      "unit": "€/gab"
    },
    "productPricePerUnit": {
      "value": 1.69,
      "unit": "€/l"
    },
    "productPriceWithLoyaltyCard": null,
    "productPricePerUnitWithLoyaltyCard": null,
    "imageUrl": "https://rimibaltic-res.cloudinary.com/image/upload/d_ecommerce:backend-fallback.png/MAT_1357469_PCE_LV",
    "available": true,
    "discount": null
  },
  {
    "shop": "RIMI",
    "categories": [
      1,
      1002,
      10010024
    ],
    "productName": "Dzer. ūdens Amrita ar minerālv. negāzēts 1l",
    "productPriceOld": null,
    "productPrice": {
      "value": 1.69,
      "unit": "€/gab"
    },
    "productPricePerUnit": {
      "value": 1.69,
      "unit": "€/l"
    },
    "productPriceWithLoyaltyCard": null,
    "productPricePerUnitWithLoyaltyCard": null,
    "imageUrl": "https://rimibaltic-res.cloudinary.com/image/upload/d_ecommerce:backend-fallback.png/MAT_1365024_PCE_LV",
    "available": true,
    "discount": null
  },
  {
    "shop": "RIMI",
    "categories": [
      1,
      1002,
      10010020
    ],
    "productName": "Sula Pfanner Pineapple Coco 1l",
    "productPriceOld": null,
    "productPrice": {
      "value": 1.99,
      "unit": "€/gab"
    },
    "productPricePerUnit": {
      "value": 1.99,
      "unit": "€/l"
    },
    "productPriceWithLoyaltyCard": {
      "value": 1.69,
      "unit": "€"
    },
    "productPricePerUnitWithLoyaltyCard": {
      "value": 1.69,
      "unit": "€/l"
    },
    "imageUrl": "https://rimibaltic-res.cloudinary.com/image/upload/d_ecommerce:backend-fallback.png/MAT_188851_PCE_LV",
    "available": true,
    "discount": 15
  },
  {
    "shop": "RIMI",
    "categories": [
      1,
      1002,
      10010020
    ],
    "productName": "Ābolu un ķiršu nektārs Rimi 50% 1l",
    "productPriceOld": null,
    "productPrice": {
      "value": 1.69,
      "unit": "€/gab"
    },
    "productPricePerUnit": {
      "value": 1.69,
      "unit": "€/l"
    },
    "productPriceWithLoyaltyCard": null,
    "productPricePerUnitWithLoyaltyCard": null,
    "imageUrl": "https://rimibaltic-res.cloudinary.com/image/upload/d_ecommerce:backend-fallback.png/MAT_815160_PCE_LV",
    "available": true,
    "discount": null
  },
  {
    "shop": "RIMI",
    "categories": [
      1,
      1002,
      10010024
    ],
    "productName": "Minerālūdens Essential Well Nr.4 1l",
    "productPriceOld": null,
    "productPrice": {
      "value": 1.69,
      "unit": "€/gab"
    },
    "productPricePerUnit": {
      "value": 1.69,
      "unit": "€/l"
    },
    "productPriceWithLoyaltyCard": null,
    "productPricePerUnitWithLoyaltyCard": null,
    "imageUrl": "https://rimibaltic-res.cloudinary.com/image/upload/d_ecommerce:backend-fallback.png/MAT_1374629_PCE_LV",
    "available": true,
    "discount": null
  },
  {
    "shop": "RIMI",
    "categories": [
      1,
      1002,
      10010024
    ],
    "productName": "Minerālūdens Essential Well Nr.17 1l",
    "productPriceOld": null,
    "productPrice": {
      "value": 1.69,
      "unit": "€/gab"
    },
    "productPricePerUnit": {
      "value": 1.69,
      "unit": "€/l"
    },
    "productPriceWithLoyaltyCard": null,
    "productPricePerUnitWithLoyaltyCard": null,
    "imageUrl": "https://rimibaltic-res.cloudinary.com/image/upload/d_ecommerce:backend-fallback.png/MAT_1374628_PCE_LV",
    "available": true,
    "discount": null
  },
  {
    "shop": "RIMI",
    "categories": [
      1,
      1002,
      10010024
    ],
    "productName": "Minerālūdens Essential Well Nr.2 1l",
    "productPriceOld": null,
    "productPrice": {
      "value": 1.69,
      "unit": "€/gab"
    },
    "productPricePerUnit": {
      "value": 1.69,
      "unit": "€/l"
    },
    "productPriceWithLoyaltyCard": null,
    "productPricePerUnitWithLoyaltyCard": null,
    "imageUrl": "https://rimibaltic-res.cloudinary.com/image/upload/d_ecommerce:backend-fallback.png/MAT_1374617_PCE_LV",
    "available": true,
    "discount": null
  },
  {
    "shop": "CITRO",
    "categories": [
      1,
      1002,
      10010020
    ],
    "productName": "SULA ELMENHORSTER TOMĀTU 100% 1L",
    "productPriceOld": null,
    "productPrice": null,
    "productPricePerUnit": {
      "value": 1.69,
      "unit": "€/L"
    },
    "productPriceWithLoyaltyCard": null,
    "productPricePerUnitWithLoyaltyCard": null,
    "imageUrl": "https://rezekne.citro.lv/wp-content/uploads/2020/12/4770569203308-300x300.jpg",
    "available": true,
    "discount": null
  },
  {
    "shop": "CITRO",
    "categories": [
      1,
      1002,
      10010020
    ],
    "productName": "CIDO SULA MIX MULTIAUGĻU 1L",
    "productPriceOld": null,
    "productPrice": null,
    "productPricePerUnit": {
      "value": 1.69,
      "unit": "€/L"
    },
    "productPriceWithLoyaltyCard": null,
    "productPricePerUnitWithLoyaltyCard": null,
    "imageUrl": "https://rezekne.citro.lv/wp-content/uploads/2021/03/4750042300557-300x300.jpg",
    "available": true,
    "discount": null
  },
  {
    "shop": "CITRO",
    "categories": [
      1,
      1002,
      10010020
    ],
    "productName": "NEKTĀRS TYMBARK SARKANO GREIPFRŪTU 1L",
    "productPriceOld": null,
    "productPrice": null,
    "productPricePerUnit": {
      "value": 1.69,
      "unit": "€/L"
    },
    "productPriceWithLoyaltyCard": null,
    "productPricePerUnitWithLoyaltyCard": null,
    "imageUrl": "https://rezekne.citro.lv/wp-content/uploads/2024/02/5900334013729-300x300.jpg",
    "available": true,
    "discount": null
  },
  {
    "shop": "CITRO",
    "categories": [
      1,
      1002,
      10010020
    ],
    "productName": "SULA TYMBARK TOMĀTU 1L",
    "productPriceOld": null,
    "productPrice": null,
    "productPricePerUnit": {
      "value": 1.69,
      "unit": "€/KG"
    },
    "productPriceWithLoyaltyCard": null,
    "productPricePerUnitWithLoyaltyCard": null,
    "imageUrl": "https://rezekne.citro.lv/wp-content/uploads/2024/02/5900334012869-300x300.jpg",
    "available": true,
    "discount": null
  },
  {
    "shop": "CITRO",
    "categories": [
      1,
      1002,
      10010020
    ],
    "productName": "NEKTĀRS TYMBARK APELSĪNU 1L",
    "productPriceOld": null,
    "productPrice": null,
    "productPricePerUnit": {
      "value": 1.69,
      "unit": "€/L"
    },
    "productPriceWithLoyaltyCard": null,
    "productPricePerUnitWithLoyaltyCard": null,
    "imageUrl": "https://rezekne.citro.lv/wp-content/uploads/2024/01/5900334006745-300x300.jpg",
    "available": true,
    "discount": null
  },
  {
    "shop": "CITRO",
    "categories": [
      1,
      1002,
      10010020
    ],
    "productName": "SULA TYMBARK MULTIAUGĻU BURKĀNU 1L",
    "productPriceOld": null,
    "productPrice": null,
    "productPricePerUnit": {
      "value": 1.69,
      "unit": "€/L"
    },
    "productPriceWithLoyaltyCard": null,
    "productPricePerUnitWithLoyaltyCard": null,
    "imageUrl": "https://rezekne.citro.lv/wp-content/uploads/2024/02/5900334003010-300x300.jpg",
    "available": true,
    "discount": null
  },
  {
    "shop": "RIMI",
    "categories": [
      1,
      1002,
      10010020
    ],
    "productName": "Nektārs Gutta Max multiaugļu 2l",
    "productPriceOld": null,
    "productPrice": {
      "value": 3.39,
      "unit": "€/gab"
    },
    "productPricePerUnit": {
      "value": 1.7,
      "unit": "€/l"
    },
    "productPriceWithLoyaltyCard": null,
    "productPricePerUnitWithLoyaltyCard": null,
    "imageUrl": "https://rimibaltic-res.cloudinary.com/image/upload/d_ecommerce:backend-fallback.png/MAT_108220_PCE_LV",
    "available": true,
    "discount": null
  },
  {
    "shop": "RIMI",
    "categories": [
      1,
      1002,
      10010020
    ],
    "productName": "Nektārs Gutta Max apelsīnu 50% 2l",
    "productPriceOld": null,
    "productPrice": {
      "value": 3.39,
      "unit": "€/gab"
    },
    "productPricePerUnit": {
      "value": 1.7,
      "unit": "€/l"
    },
    "productPriceWithLoyaltyCard": null,
    "productPricePerUnitWithLoyaltyCard": null,
    "imageUrl": "https://rimibaltic-res.cloudinary.com/image/upload/d_ecommerce:backend-fallback.png/MAT_108219_PCE_LV",
    "available": true,
    "discount": null
  },
  {
    "shop": "RIMI",
    "categories": [
      1,
      1002,
      10010024
    ],
    "productName": "Enerģ. ūdens Mangaļi ar aveņu-granāt.g. 0,5l",
    "productPriceOld": null,
    "productPrice": {
      "value": 0.99,
      "unit": "€/gab"
    },
    "productPricePerUnit": {
      "value": 1.98,
      "unit": "€/l"
    },
    "productPriceWithLoyaltyCard": {
      "value": 0.85,
      "unit": "€"
    },
    "productPricePerUnitWithLoyaltyCard": {
      "value": 1.7,
      "unit": "€/l"
    },
    "imageUrl": "https://rimibaltic-res.cloudinary.com/image/upload/d_ecommerce:backend-fallback.png/MAT_1373610_PCE_LV",
    "available": true,
    "discount": 14
  },
  {
    "shop": "MAXIMA",
    "categories": [
      1,
      1002,
      10010024
    ],
    "productName": "Gāzēts ūdens MANGAĻI PLUS ar minerālvielām 500ml D",
    "productPriceOld": null,
    "productPrice": {
      "value": 0.85,
      "unit": "€"
    },
    "productPricePerUnit": {
      "value": 1.7,
      "unit": "€/l"
    },
    "productPriceWithLoyaltyCard": null,
    "productPricePerUnitWithLoyaltyCard": null,
    "imageUrl": "https://cdn.barbora.lv/products/bdb90e29-7a68-4229-b029-35200ecfd671_s.png",
    "available": true,
    "discount": null
  },
  {
    "shop": "MAXIMA",
    "categories": [
      1,
      1002,
      10010023
    ],
    "productName": "Kvass RUGILE 500ml skārdene D",
    "productPriceOld": null,
    "productPrice": {
      "value": 0.85,
      "unit": "€"
    },
    "productPricePerUnit": {
      "value": 1.7,
      "unit": "€/l"
    },
    "productPriceWithLoyaltyCard": null,
    "productPricePerUnitWithLoyaltyCard": null,
    "imageUrl": "https://cdn.barbora.lv/products/c6dfaf1c-c42c-4be0-955c-20d33d0ebeef_s.png",
    "available": true,
    "discount": null
  },
  {
    "shop": "MAXIMA",
    "categories": [
      1,
      1002,
      10010020
    ],
    "productName": "Nektārs GUTTA MAX multiaugļu 2L",
    "productPriceOld": null,
    "productPrice": {
      "value": 3.39,
      "unit": "€"
    },
    "productPricePerUnit": {
      "value": 1.7,
      "unit": "€/l"
    },
    "productPriceWithLoyaltyCard": null,
    "productPricePerUnitWithLoyaltyCard": null,
    "imageUrl": "https://cdn.barbora.lv/products/06ef9cda-f4cb-4659-9529-603fa19867b4_s.png",
    "available": true,
    "discount": null
  },
  {
    "shop": "CITRO",
    "categories": [
      1,
      1001,
      1001001
    ],
    "productName": "ALUS CĒSU GRUNBERGER 5% 0.5L CAN",
    "productPriceOld": null,
    "productPrice": null,
    "productPricePerUnit": {
      "value": 1.7,
      "unit": "€/L"
    },
    "productPriceWithLoyaltyCard": null,
    "productPricePerUnitWithLoyaltyCard": null,
    "imageUrl": "https://rezekne.citro.lv/wp-content/uploads/2022/09/4750142005055-300x300.jpg",
    "available": true,
    "discount": null
  },
  {
    "shop": "RIMI",
    "categories": [
      1,
      1002,
      10010020
    ],
    "productName": "Nektārs Rimi burkānu, ābolu, zem. 0,75l",
    "productPriceOld": null,
    "productPrice": {
      "value": 1.29,
      "unit": "€/gab"
    },
    "productPricePerUnit": {
      "value": 1.72,
      "unit": "€/l"
    },
    "productPriceWithLoyaltyCard": null,
    "productPricePerUnitWithLoyaltyCard": null,
    "imageUrl": "https://rimibaltic-res.cloudinary.com/image/upload/d_ecommerce:backend-fallback.png/MAT_1367767_PCE_LV",
    "available": true,
    "discount": null
  },
  {
    "shop": "RIMI",
    "categories": [
      1,
      1002,
      10010020
    ],
    "productName": "Nektārs Rimi burkānu, ābolu, pers. 0,75l",
    "productPriceOld": null,
    "productPrice": {
      "value": 1.29,
      "unit": "€/gab"
    },
    "productPricePerUnit": {
      "value": 1.72,
      "unit": "€/l"
    },
    "productPriceWithLoyaltyCard": null,
    "productPricePerUnitWithLoyaltyCard": null,
    "imageUrl": "https://rimibaltic-res.cloudinary.com/image/upload/d_ecommerce:backend-fallback.png/MAT_1367749_PCE_LV",
    "available": true,
    "discount": null
  },
  {
    "shop": "RIMI",
    "categories": [
      1,
      1002,
      10010020
    ],
    "productName": "Burkānu nektārs Rimi 0,75l",
    "productPriceOld": null,
    "productPrice": {
      "value": 1.29,
      "unit": "€/gab"
    },
    "productPricePerUnit": {
      "value": 1.72,
      "unit": "€/l"
    },
    "productPriceWithLoyaltyCard": null,
    "productPricePerUnitWithLoyaltyCard": null,
    "imageUrl": "https://rimibaltic-res.cloudinary.com/image/upload/d_ecommerce:backend-fallback.png/MAT_1367773_PCE_LV",
    "available": true,
    "discount": null
  },
  {
    "shop": "RIMI",
    "categories": [
      1,
      1002,
      10010020
    ],
    "productName": "Banānu nektārs Rimi 0,75l",
    "productPriceOld": null,
    "productPrice": {
      "value": 1.29,
      "unit": "€/gab"
    },
    "productPricePerUnit": {
      "value": 1.72,
      "unit": "€/l"
    },
    "productPriceWithLoyaltyCard": null,
    "productPricePerUnitWithLoyaltyCard": null,
    "imageUrl": "https://rimibaltic-res.cloudinary.com/image/upload/d_ecommerce:backend-fallback.png/MAT_1367771_PCE_LV",
    "available": true,
    "discount": null
  },
  {
    "shop": "MAXIMA",
    "categories": [
      1,
      1002,
      10010020
    ],
    "productName": "Sula ābolu burkānu pers.MIO&RIO 900ml D",
    "productPriceOld": null,
    "productPrice": {
      "value": 1.55,
      "unit": "€"
    },
    "productPricePerUnit": {
      "value": 1.72,
      "unit": "€/l"
    },
    "productPriceWithLoyaltyCard": null,
    "productPricePerUnitWithLoyaltyCard": null,
    "imageUrl": "https://cdn.barbora.lv/products/2a3a092d-b10e-4cfe-a98f-ab531879c0f0_s.png",
    "available": true,
    "discount": null
  },
  {
    "shop": "MAXIMA",
    "categories": [
      1,
      1002,
      10010020
    ],
    "productName": "Sula ābolu burk.ban.kivi MIO&RIO 900ml D",
    "productPriceOld": null,
    "productPrice": {
      "value": 1.55,
      "unit": "€"
    },
    "productPricePerUnit": {
      "value": 1.72,
      "unit": "€/l"
    },
    "productPriceWithLoyaltyCard": null,
    "productPricePerUnitWithLoyaltyCard": null,
    "imageUrl": "https://cdn.barbora.lv/products/68d4011a-f19d-4c48-b08e-93279284627c_s.png",
    "available": true,
    "discount": null
  },
  {
    "shop": "MAXIMA",
    "categories": [
      1,
      1002,
      10010020
    ],
    "productName": "Sula ābolu burkānu ban.MIO&RIO 900ml D",
    "productPriceOld": null,
    "productPrice": {
      "value": 1.55,
      "unit": "€"
    },
    "productPricePerUnit": {
      "value": 1.72,
      "unit": "€/l"
    },
    "productPriceWithLoyaltyCard": null,
    "productPricePerUnitWithLoyaltyCard": null,
    "imageUrl": "https://cdn.barbora.lv/products/e543bff1-a2d6-4557-a67b-7d330ef64ad5_s.png",
    "available": true,
    "discount": null
  },
  {
    "shop": "MAXIMA",
    "categories": [
      1,
      1002,
      10010020
    ],
    "productName": "Sula ābolu burkānu zem. MIO&RIO 900ml D",
    "productPriceOld": null,
    "productPrice": {
      "value": 1.55,
      "unit": "€"
    },
    "productPricePerUnit": {
      "value": 1.72,
      "unit": "€/l"
    },
    "productPriceWithLoyaltyCard": null,
    "productPricePerUnitWithLoyaltyCard": null,
    "imageUrl": "https://cdn.barbora.lv/products/079f1031-d3e1-463d-9614-e16d318a4d3f_s.png",
    "available": true,
    "discount": null
  },
  {
    "shop": "MAXIMA",
    "categories": [
      1,
      1002,
      10010021
    ],
    "productName": "Gāzēts dzēriens COCA-COLA 1,5L PET D",
    "productPriceOld": null,
    "productPrice": {
      "value": 2.59,
      "unit": "€"
    },
    "productPricePerUnit": {
      "value": 1.73,
      "unit": "€/l"
    },
    "productPriceWithLoyaltyCard": null,
    "productPricePerUnitWithLoyaltyCard": null,
    "imageUrl": "https://cdn.barbora.lv/products/42052c8e-d01f-4dc6-84dc-9386f14dc444_s.png",
    "available": true,
    "discount": null
  },
  {
    "shop": "MAXIMA",
    "categories": [
      1,
      1002,
      10010021
    ],
    "productName": "Gāzēts dzēriens COCA-COLA ZERO 1,5L PET D",
    "productPriceOld": null,
    "productPrice": {
      "value": 2.59,
      "unit": "€"
    },
    "productPricePerUnit": {
      "value": 1.73,
      "unit": "€/l"
    },
    "productPriceWithLoyaltyCard": null,
    "productPricePerUnitWithLoyaltyCard": null,
    "imageUrl": "https://cdn.barbora.lv/products/4cbf8884-5e30-4cf5-9904-f15a2dbd4474_s.png",
    "available": true,
    "discount": null
  },
  {
    "shop": "MAXIMA",
    "categories": [
      1,
      1002,
      10010021
    ],
    "productName": "Gāzēts dzēriens FANTA 1,5L PET D",
    "productPriceOld": null,
    "productPrice": {
      "value": 2.59,
      "unit": "€"
    },
    "productPricePerUnit": {
      "value": 1.73,
      "unit": "€/l"
    },
    "productPriceWithLoyaltyCard": null,
    "productPricePerUnitWithLoyaltyCard": null,
    "imageUrl": "https://cdn.barbora.lv/products/ef8d4e16-f1a5-4387-b831-8c2da62ca6b6_s.png",
    "available": true,
    "discount": null
  },
  {
    "shop": "MAXIMA",
    "categories": [
      1,
      1002,
      10010021
    ],
    "productName": "Gāzēts dzēriens SPRITE 1,5L PET D",
    "productPriceOld": null,
    "productPrice": {
      "value": 2.59,
      "unit": "€"
    },
    "productPricePerUnit": {
      "value": 1.73,
      "unit": "€/l"
    },
    "productPriceWithLoyaltyCard": null,
    "productPricePerUnitWithLoyaltyCard": null,
    "imageUrl": "https://cdn.barbora.lv/products/134c2877-01d0-4fec-9312-c2300acb28ab_s.png",
    "available": true,
    "discount": null
  },
  {
    "shop": "MAXIMA",
    "categories": [
      1,
      1002,
      10010020
    ],
    "productName": "Sulas dzēriens ELMENHORSTER MOJITO laima-citronu 1L",
    "productPriceOld": null,
    "productPrice": {
      "value": 1.73,
      "unit": "€"
    },
    "productPricePerUnit": {
      "value": 1.73,
      "unit": "€/l"
    },
    "productPriceWithLoyaltyCard": null,
    "productPricePerUnitWithLoyaltyCard": null,
    "imageUrl": "https://cdn.barbora.lv/products/e2ad946e-84e5-453c-a843-0bcc4cc9b809_s.png",
    "available": true,
    "discount": null
  },
  {
    "shop": "RIMI",
    "categories": [
      1,
      1002,
      10010023
    ],
    "productName": "Kvass Ulmaņlaiku 0,568l",
    "productPriceOld": null,
    "productPrice": {
      "value": 0.99,
      "unit": "€/gab"
    },
    "productPricePerUnit": {
      "value": 1.74,
      "unit": "€/l"
    },
    "productPriceWithLoyaltyCard": null,
    "productPricePerUnitWithLoyaltyCard": null,
    "imageUrl": "https://rimibaltic-res.cloudinary.com/image/upload/d_ecommerce:backend-fallback.png/MAT_1355614_PCE_LV",
    "available": true,
    "discount": null
  },
  {
    "shop": "RIMI",
    "categories": [
      1,
      1001,
      1001001
    ],
    "productName": "Alus Mežpils Senču 4,5% 0,568l",
    "productPriceOld": null,
    "productPrice": {
      "value": 0.99,
      "unit": "€/gab"
    },
    "productPricePerUnit": {
      "value": 1.74,
      "unit": "€/l"
    },
    "productPriceWithLoyaltyCard": null,
    "productPricePerUnitWithLoyaltyCard": null,
    "imageUrl": "https://rimibaltic-res.cloudinary.com/image/upload/d_ecommerce:backend-fallback.png/MAT_1374309_PCE_LV",
    "available": true,
    "discount": null
  },
  {
    "shop": "MAXIMA",
    "categories": [
      1,
      1002,
      10010023
    ],
    "productName": "Kvass ULMAŅLAIKU 0,568L skārdene D",
    "productPriceOld": null,
    "productPrice": {
      "value": 0.99,
      "unit": "€"
    },
    "productPricePerUnit": {
      "value": 1.74,
      "unit": "€/l"
    },
    "productPriceWithLoyaltyCard": null,
    "productPricePerUnitWithLoyaltyCard": null,
    "imageUrl": "https://cdn.barbora.lv/products/00f2fe7d-f291-4791-a516-b41c0a841001_s.png",
    "available": true,
    "discount": null
  },
  {
    "shop": "MAXIMA",
    "categories": [
      1,
      1001,
      1001001
    ],
    "productName": "Alus CARLSBERG 5% 0,568L sk.D",
    "productPriceOld": {
      "value": 1.81,
      "unit": "€"
    },
    "productPrice": {
      "value": 1.81,
      "unit": "€"
    },
    "productPricePerUnit": {
      "value": 3.19,
      "unit": "€/l"
    },
    "productPriceWithLoyaltyCard": {
      "value": 0.99,
      "unit": "€"
    },
    "productPricePerUnitWithLoyaltyCard": {
      "value": 1.74,
      "unit": "€/l"
    },
    "imageUrl": "https://cdn.barbora.lv/products/dd622d58-574f-4ce4-8fd9-b102bbb5d14d_s.png",
    "available": true,
    "discount": 45
  },
  {
    "shop": "MAXIMA",
    "categories": [
      1,
      1001,
      1001001
    ],
    "productName": "Alus AMBER CITY Gaišais 5,8% 1L PET D",
    "productPriceOld": null,
    "productPrice": {
      "value": 1.74,
      "unit": "€"
    },
    "productPricePerUnit": {
      "value": 1.74,
      "unit": "€/l"
    },
    "productPriceWithLoyaltyCard": null,
    "productPricePerUnitWithLoyaltyCard": null,
    "imageUrl": "https://cdn.barbora.lv/products/2461d5bc-ca70-4e15-ab15-0bc5e6c65028_s.png",
    "available": true,
    "discount": null
  },
  {
    "shop": "CITRO",
    "categories": [
      1,
      1002,
      10010022
    ],
    "productName": "ENERĢ.DZ.DYNAMIT PINT 0.568L CAN",
    "productPriceOld": null,
    "productPrice": null,
    "productPricePerUnit": {
      "value": 1.74,
      "unit": "€/L"
    },
    "productPriceWithLoyaltyCard": null,
    "productPricePerUnitWithLoyaltyCard": null,
    "imageUrl": "https://rezekne.citro.lv/wp-content/uploads/2022/05/4750142005239-300x300.jpg",
    "available": true,
    "discount": null
  },
  {
    "shop": "CITRO",
    "categories": [
      2,
      2001,
      2001004
    ],
    "productName": "MAIZE RUDZU DRUVA SPĒKAVOTA 800G FAZER",
    "productPriceOld": {
      "value": 1.75,
      "unit": "€"
    },
    "productPrice": {
      "value": 1.39,
      "unit": "€"
    },
    "productPricePerUnit": {
      "value": 1.74,
      "unit": "€/KG"
    },
    "productPriceWithLoyaltyCard": null,
    "productPricePerUnitWithLoyaltyCard": null,
    "imageUrl": "https://rezekne.citro.lv/wp-content/uploads/2020/12/4750212901072-300x300.jpg",
    "available": true,
    "discount": 21
  },
  {
    "shop": "CITRO",
    "categories": [
      2,
      2001,
      2001005
    ],
    "productName": "SALDSKĀBMAIZE KURŠU 800G HM",
    "productPriceOld": {
      "value": 1.79,
      "unit": "€"
    },
    "productPrice": {
      "value": 1.39,
      "unit": "€"
    },
    "productPricePerUnit": {
      "value": 1.74,
      "unit": "€/KG"
    },
    "productPriceWithLoyaltyCard": null,
    "productPricePerUnitWithLoyaltyCard": null,
    "imageUrl": "https://rezekne.citro.lv/wp-content/uploads/2020/12/4750038314216-300x300.jpg",
    "available": true,
    "discount": 22
  },
  {
    "shop": "MAXIMA",
    "categories": [
      1,
      1002,
      10010020
    ],
    "productName": "Sula ābolu WELL DONE 1L PET D",
    "productPriceOld": null,
    "productPrice": {
      "value": 1.75,
      "unit": "€"
    },
    "productPricePerUnit": {
      "value": 1.75,
      "unit": "€/l"
    },
    "productPriceWithLoyaltyCard": null,
    "productPricePerUnitWithLoyaltyCard": null,
    "imageUrl": "https://cdn.barbora.lv/products/4a763b68-3848-426c-adf6-c357ececc97f_s.png",
    "available": true,
    "discount": null
  },
  {
    "shop": "MAXIMA",
    "categories": [
      1,
      1002,
      10010020
    ],
    "productName": "Sulas dzēriens CAPRIO ābolu-zemeņu 2L",
    "productPriceOld": null,
    "productPrice": {
      "value": 3.49,
      "unit": "€"
    },
    "productPricePerUnit": {
      "value": 1.75,
      "unit": "€/l"
    },
    "productPriceWithLoyaltyCard": null,
    "productPricePerUnitWithLoyaltyCard": null,
    "imageUrl": "https://cdn.barbora.lv/products/06f52539-ee69-4ce4-b19d-e6bdc1b01aab_s.png",
    "available": true,
    "discount": null
  },
  {
    "shop": "MAXIMA",
    "categories": [
      1,
      1002,
      10010020
    ],
    "productName": "Sulas dzēriens CAPRIO ābolu-ķiršu-aroniju 2L",
    "productPriceOld": null,
    "productPrice": {
      "value": 3.49,
      "unit": "€"
    },
    "productPricePerUnit": {
      "value": 1.75,
      "unit": "€/l"
    },
    "productPriceWithLoyaltyCard": null,
    "productPricePerUnitWithLoyaltyCard": null,
    "imageUrl": "https://cdn.barbora.lv/products/4f5b5edb-6047-4624-94e7-0610d4c899a4_s.png",
    "available": true,
    "discount": null
  },
  {
    "shop": "MAXIMA",
    "categories": [
      1,
      1001,
      1001001
    ],
    "productName": "Alus PIEBALGAS ĶENČA 5,2% 1L PET D",
    "productPriceOld": {
      "value": 2.65,
      "unit": "€"
    },
    "productPrice": {
      "value": 2.65,
      "unit": "€"
    },
    "productPricePerUnit": {
      "value": 2.65,
      "unit": "€/l"
    },
    "productPriceWithLoyaltyCard": {
      "value": 1.75,
      "unit": "€"
    },
    "productPricePerUnitWithLoyaltyCard": {
      "value": 1.75,
      "unit": "€/l"
    },
    "imageUrl": "https://cdn.barbora.lv/products/b1300812-4438-4b3c-88d6-1e1bee7f8b9c_s.png",
    "available": true,
    "discount": 34
  },
  {
    "shop": "MAXIMA",
    "categories": [
      2,
      2001,
      2001004
    ],
    "productName": "Rudzu maize Rīgas klaips Latvijā cepts 600g",
    "productPriceOld": {
      "value": 1.4,
      "unit": "€"
    },
    "productPrice": {
      "value": 1.05,
      "unit": "€"
    },
    "productPricePerUnit": {
      "value": 1.75,
      "unit": "€/kg"
    },
    "productPriceWithLoyaltyCard": null,
    "productPricePerUnitWithLoyaltyCard": null,
    "imageUrl": "https://cdn.barbora.lv/products/e11b89dc-c394-4839-94ee-ff4b72a76a05_s.png",
    "available": true,
    "discount": 25
  },
  {
    "shop": "CITRO",
    "categories": [
      1,
      1002,
      10010024
    ],
    "productName": "MINERĀLŪDENS BORJOMI 1.25L",
    "productPriceOld": {
      "value": 2.49,
      "unit": "€"
    },
    "productPrice": {
      "value": 2.19,
      "unit": "€"
    },
    "productPricePerUnit": {
      "value": 1.75,
      "unit": "€/L"
    },
    "productPriceWithLoyaltyCard": null,
    "productPricePerUnitWithLoyaltyCard": null,
    "imageUrl": "https://rezekne.citro.lv/wp-content/uploads/2024/08/4860019002848-300x300.jpg",
    "available": true,
    "discount": 12
  },
  {
    "shop": "RIMI",
    "categories": [
      1,
      1002,
      10010021
    ],
    "productName": "Gāzēts dzēriens Coca Cola 1,5l",
    "productPriceOld": null,
    "productPrice": {
      "value": 2.65,
      "unit": "€/gab"
    },
    "productPricePerUnit": {
      "value": 1.77,
      "unit": "€/l"
    },
    "productPriceWithLoyaltyCard": null,
    "productPricePerUnitWithLoyaltyCard": null,
    "imageUrl": "https://rimibaltic-res.cloudinary.com/image/upload/d_ecommerce:backend-fallback.png/MAT_1360279_PCE_LV",
    "available": true,
    "discount": null
  },
  {
    "shop": "RIMI",
    "categories": [
      1,
      1002,
      10010021
    ],
    "productName": "Gāz. dzēr. Coca Cola Zero ar saldinātāju 1,5l",
    "productPriceOld": null,
    "productPrice": {
      "value": 2.65,
      "unit": "€/gab"
    },
    "productPricePerUnit": {
      "value": 1.77,
      "unit": "€/l"
    },
    "productPriceWithLoyaltyCard": null,
    "productPricePerUnitWithLoyaltyCard": null,
    "imageUrl": "https://rimibaltic-res.cloudinary.com/image/upload/d_ecommerce:backend-fallback.png/MAT_1360299_PCE_LV",
    "available": true,
    "discount": null
  },
  {
    "shop": "RIMI",
    "categories": [
      1,
      1002,
      10010021
    ],
    "productName": "Gāz. dzēriens Sprite Zero ar saldinātāju 1,5l",
    "productPriceOld": null,
    "productPrice": {
      "value": 2.65,
      "unit": "€/gab"
    },
    "productPricePerUnit": {
      "value": 1.77,
      "unit": "€/l"
    },
    "productPriceWithLoyaltyCard": null,
    "productPricePerUnitWithLoyaltyCard": null,
    "imageUrl": "https://rimibaltic-res.cloudinary.com/image/upload/d_ecommerce:backend-fallback.png/MAT_1368094_PCE_LV",
    "available": true,
    "discount": null
  },
  {
    "shop": "RIMI",
    "categories": [
      1,
      1002,
      10010021
    ],
    "productName": "Gāz. dzēr. Fanta Orange Zero ar saldin. 1,5l",
    "productPriceOld": null,
    "productPrice": {
      "value": 2.65,
      "unit": "€/gab"
    },
    "productPricePerUnit": {
      "value": 1.77,
      "unit": "€/l"
    },
    "productPriceWithLoyaltyCard": null,
    "productPricePerUnitWithLoyaltyCard": null,
    "imageUrl": "https://rimibaltic-res.cloudinary.com/image/upload/d_ecommerce:backend-fallback.png/MAT_1368152_PCE_LV",
    "available": true,
    "discount": null
  },
  {
    "shop": "RIMI",
    "categories": [
      1,
      1002,
      10010021
    ],
    "productName": "Gāzēts dzēriens Sprite 1,5l",
    "productPriceOld": null,
    "productPrice": {
      "value": 2.65,
      "unit": "€/gab"
    },
    "productPricePerUnit": {
      "value": 1.77,
      "unit": "€/l"
    },
    "productPriceWithLoyaltyCard": null,
    "productPricePerUnitWithLoyaltyCard": null,
    "imageUrl": "https://rimibaltic-res.cloudinary.com/image/upload/d_ecommerce:backend-fallback.png/MAT_1367096_PCE_LV",
    "available": true,
    "discount": null
  },
  {
    "shop": "RIMI",
    "categories": [
      1,
      1002,
      10010021
    ],
    "productName": "Gāzēts dzēriens Fanta 1,5l",
    "productPriceOld": null,
    "productPrice": {
      "value": 2.65,
      "unit": "€/gab"
    },
    "productPricePerUnit": {
      "value": 1.77,
      "unit": "€/l"
    },
    "productPriceWithLoyaltyCard": null,
    "productPricePerUnitWithLoyaltyCard": null,
    "imageUrl": "https://rimibaltic-res.cloudinary.com/image/upload/d_ecommerce:backend-fallback.png/MAT_1360544_PCE_LV",
    "available": true,
    "discount": null
  },
  {
    "shop": "RIMI",
    "categories": [
      2,
      2001,
      2001003,
      2001001
    ],
    "productName": "Tostermaize RIMI pilngraudu 500g",
    "productPriceOld": null,
    "productPrice": {
      "value": 0.89,
      "unit": "€/gab"
    },
    "productPricePerUnit": {
      "value": 1.78,
      "unit": "€/kg"
    },
    "productPriceWithLoyaltyCard": null,
    "productPricePerUnitWithLoyaltyCard": null,
    "imageUrl": "https://rimibaltic-res.cloudinary.com/image/upload/d_ecommerce:backend-fallback.png/MAT_809579_PCE_LV",
    "available": true,
    "discount": null
  },
  {
    "shop": "RIMI",
    "categories": [
      1,
      1002,
      10010024
    ],
    "productName": "Dabīgs min.ūdens Venden Kids negāzēts 0,37l",
    "productPriceOld": null,
    "productPrice": {
      "value": 0.66,
      "unit": "€/gab"
    },
    "productPricePerUnit": {
      "value": 1.78,
      "unit": "€/l"
    },
    "productPriceWithLoyaltyCard": null,
    "productPricePerUnitWithLoyaltyCard": null,
    "imageUrl": "https://rimibaltic-res.cloudinary.com/image/upload/d_ecommerce:backend-fallback.png/MAT_1359036_PCE_LV",
    "available": true,
    "discount": null
  },
  {
    "shop": "RIMI",
    "categories": [
      1,
      1002,
      10010024
    ],
    "productName": "Dzeram.ūdens Mangaļi Vitafruit citr.laim.0,5l",
    "productPriceOld": null,
    "productPrice": {
      "value": 0.89,
      "unit": "€/gab"
    },
    "productPricePerUnit": {
      "value": 1.78,
      "unit": "€/l"
    },
    "productPriceWithLoyaltyCard": null,
    "productPricePerUnitWithLoyaltyCard": null,
    "imageUrl": "https://rimibaltic-res.cloudinary.com/image/upload/d_ecommerce:backend-fallback.png/MAT_1353114_PCE_LV",
    "available": true,
    "discount": null
  },
  {
    "shop": "RIMI",
    "categories": [
      1,
      1002,
      10010026
    ],
    "productName": "Ledus tēja Cido ar zaļās tējas ekst.pers.0,5l",
    "productPriceOld": null,
    "productPrice": {
      "value": 0.89,
      "unit": "€/gab"
    },
    "productPricePerUnit": {
      "value": 1.78,
      "unit": "€/l"
    },
    "productPriceWithLoyaltyCard": null,
    "productPricePerUnitWithLoyaltyCard": null,
    "imageUrl": "https://rimibaltic-res.cloudinary.com/image/upload/d_ecommerce:backend-fallback.png/MAT_1350614_PCE_LV",
    "available": true,
    "discount": null
  },
  {
    "shop": "RIMI",
    "categories": [
      1,
      1003,
      1003001
    ],
    "productName": "Alus Lāčplēsis bezalkoholisks, bundžā 0,5l",
    "productPriceOld": null,
    "productPrice": {
      "value": 1.29,
      "unit": "€/gab"
    },
    "productPricePerUnit": {
      "value": 2.58,
      "unit": "€/l"
    },
    "productPriceWithLoyaltyCard": {
      "value": 0.89,
      "unit": "€"
    },
    "productPricePerUnitWithLoyaltyCard": {
      "value": 1.78,
      "unit": "€/l"
    },
    "imageUrl": "https://rimibaltic-res.cloudinary.com/image/upload/d_ecommerce:backend-fallback.png/MAT_1354902_PCE_LV",
    "available": true,
    "discount": 31
  },
  {
    "shop": "RIMI",
    "categories": [
      1,
      1002,
      10010027
    ],
    "productName": "Dzēr. Mangaļi Vitafruit aprikožu jasmīnu 0,5l",
    "productPriceOld": null,
    "productPrice": {
      "value": 0.89,
      "unit": "€/gab"
    },
    "productPricePerUnit": {
      "value": 1.78,
      "unit": "€/l"
    },
    "productPriceWithLoyaltyCard": null,
    "productPricePerUnitWithLoyaltyCard": null,
    "imageUrl": "https://rimibaltic-res.cloudinary.com/image/upload/d_ecommerce:backend-fallback.png/MAT_1365238_PCE_LV",
    "available": true,
    "discount": null
  },
  {
    "shop": "RIMI",
    "categories": [
      1,
      1002,
      10010024
    ],
    "productName": "Dabīgais minerālūdens Venden negāzēts 0,37l",
    "productPriceOld": null,
    "productPrice": {
      "value": 0.66,
      "unit": "€/gab"
    },
    "productPricePerUnit": {
      "value": 1.78,
      "unit": "€/l"
    },
    "productPriceWithLoyaltyCard": null,
    "productPricePerUnitWithLoyaltyCard": null,
    "imageUrl": "https://rimibaltic-res.cloudinary.com/image/upload/d_ecommerce:backend-fallback.png/MAT_1372390_PCE_LV",
    "available": true,
    "discount": null
  },
  {
    "shop": "RIMI",
    "categories": [
      1,
      1002,
      10010027
    ],
    "productName": "Dz.ūd. Mangaļi Vitafruit pomelo pers. g. 0,5l",
    "productPriceOld": null,
    "productPrice": {
      "value": 0.89,
      "unit": "€/gab"
    },
    "productPricePerUnit": {
      "value": 1.78,
      "unit": "€/l"
    },
    "productPriceWithLoyaltyCard": null,
    "productPricePerUnitWithLoyaltyCard": null,
    "imageUrl": "https://rimibaltic-res.cloudinary.com/image/upload/d_ecommerce:backend-fallback.png/MAT_1374512_PCE_LV",
    "available": true,
    "discount": null
  },
  {
    "shop": "MAXIMA",
    "categories": [
      1,
      1002,
      10010024
    ],
    "productName": "Dab.minerālūd.VENDEN KIDS negāz. 370ml D",
    "productPriceOld": null,
    "productPrice": {
      "value": 0.66,
      "unit": "€"
    },
    "productPricePerUnit": {
      "value": 1.78,
      "unit": "€/l"
    },
    "productPriceWithLoyaltyCard": null,
    "productPricePerUnitWithLoyaltyCard": null,
    "imageUrl": "https://cdn.barbora.lv/products/e012bf5d-7415-4937-8080-e4030889ac69_s.png",
    "available": true,
    "discount": null
  },
  {
    "shop": "MAXIMA",
    "categories": [
      1,
      1002,
      10010026
    ],
    "productName": "Ledus tēja CIDO zaļā ar pers. g. 0,5L D",
    "productPriceOld": null,
    "productPrice": {
      "value": 0.89,
      "unit": "€"
    },
    "productPricePerUnit": {
      "value": 1.78,
      "unit": "€/l"
    },
    "productPriceWithLoyaltyCard": null,
    "productPricePerUnitWithLoyaltyCard": null,
    "imageUrl": "https://cdn.barbora.lv/products/491e3610-d4d7-4072-97b5-aad71a2e5004_s.png",
    "available": true,
    "discount": null
  },
  {
    "shop": "MAXIMA",
    "categories": [
      1,
      1002,
      10010022
    ],
    "productName": "Enerģ.dzēr.DYNAMI:T ORIGINAL 0,5L PET D",
    "productPriceOld": {
      "value": 1.49,
      "unit": "€"
    },
    "productPrice": {
      "value": 1.49,
      "unit": "€"
    },
    "productPricePerUnit": {
      "value": 2.98,
      "unit": "€/l"
    },
    "productPriceWithLoyaltyCard": {
      "value": 0.89,
      "unit": "€"
    },
    "productPricePerUnitWithLoyaltyCard": {
      "value": 1.78,
      "unit": "€/l"
    },
    "imageUrl": "https://cdn.barbora.lv/products/b7a2a950-66df-4f72-9722-514786bd3ac0_s.png",
    "available": true,
    "discount": 40
  },
  {
    "shop": "MAXIMA",
    "categories": [
      2,
      2001,
      2001003
    ],
    "productName": "Tostermaize MANA MAIZE 500g",
    "productPriceOld": null,
    "productPrice": {
      "value": 0.89,
      "unit": "€"
    },
    "productPricePerUnit": {
      "value": 1.78,
      "unit": "€/kg"
    },
    "productPriceWithLoyaltyCard": null,
    "productPricePerUnitWithLoyaltyCard": null,
    "imageUrl": "https://cdn.barbora.lv/products/35c5121f-7792-4b8a-b034-9cae598b65cb_s.png",
    "available": true,
    "discount": null
  },
  {
    "shop": "CITRO",
    "categories": [
      1,
      1003,
      1003001
    ],
    "productName": "ALUS CĒSU BRŪŽA BEZALK.NEFILTR. 0% 0.5L STIKLS",
    "productPriceOld": {
      "value": 1.09,
      "unit": "€"
    },
    "productPrice": {
      "value": 0.89,
      "unit": "€"
    },
    "productPricePerUnit": {
      "value": 1.78,
      "unit": "€/L"
    },
    "productPriceWithLoyaltyCard": null,
    "productPricePerUnitWithLoyaltyCard": null,
    "imageUrl": "https://rezekne.citro.lv/wp-content/uploads/2022/04/4750142006076-300x300.jpg",
    "available": true,
    "discount": 18
  },
  {
    "shop": "CITRO",
    "categories": [
      1,
      1002,
      10010020
    ],
    "productName": "SULAS DZĒRIENS NEGĀZĒTS AR VIT.TROPU AUGĻU UN BURKĀNU 0.5L",
    "productPriceOld": null,
    "productPrice": null,
    "productPricePerUnit": {
      "value": 1.78,
      "unit": "€/L"
    },
    "productPriceWithLoyaltyCard": null,
    "productPricePerUnitWithLoyaltyCard": null,
    "imageUrl": "https://rezekne.citro.lv/wp-content/uploads/2022/03/4750042002321-300x300.jpg",
    "available": true,
    "discount": null
  },
  {
    "shop": "CITRO",
    "categories": [
      1,
      1002,
      10010021
    ],
    "productName": "DZĒRIENS SUPER MANKI ORIGINAL FLAVOUR 0.5L PET",
    "productPriceOld": null,
    "productPrice": null,
    "productPricePerUnit": {
      "value": 1.78,
      "unit": "€/L"
    },
    "productPriceWithLoyaltyCard": null,
    "productPricePerUnitWithLoyaltyCard": null,
    "imageUrl": "https://rezekne.citro.lv/wp-content/uploads/2024/04/4740019782028-300x300.jpg",
    "available": true,
    "discount": null
  },
  {
    "shop": "RIMI",
    "categories": [
      1,
      1002,
      10010020
    ],
    "productName": "Sulas dzēriens Cido MIX multiaugļu 1l",
    "productPriceOld": null,
    "productPrice": {
      "value": 1.99,
      "unit": "€/gab"
    },
    "productPricePerUnit": {
      "value": 1.99,
      "unit": "€/l"
    },
    "productPriceWithLoyaltyCard": {
      "value": 1.79,
      "unit": "€"
    },
    "productPricePerUnitWithLoyaltyCard": {
      "value": 1.79,
      "unit": "€/l"
    },
    "imageUrl": "https://rimibaltic-res.cloudinary.com/image/upload/d_ecommerce:backend-fallback.png/MAT_125914_PCE_LV",
    "available": true,
    "discount": 10
  },
  {
    "shop": "RIMI",
    "categories": [
      1,
      1002,
      10010021
    ],
    "productName": "Gāz. dzēriens Pepsi Max ar saldinātāju 0,33l",
    "productPriceOld": null,
    "productPrice": {
      "value": 0.99,
      "unit": "€/gab"
    },
    "productPricePerUnit": {
      "value": 3,
      "unit": "€/l"
    },
    "productPriceWithLoyaltyCard": {
      "value": 0.59,
      "unit": "€"
    },
    "productPricePerUnitWithLoyaltyCard": {
      "value": 1.79,
      "unit": "€/l"
    },
    "imageUrl": "https://rimibaltic-res.cloudinary.com/image/upload/d_ecommerce:backend-fallback.png/MAT_1360355_PCE_LV",
    "available": true,
    "discount": 40
  },
  {
    "shop": "RIMI",
    "categories": [
      1,
      1002,
      10010020
    ],
    "productName": "Nektārs Rimi persiku 50% 1l",
    "productPriceOld": null,
    "productPrice": {
      "value": 1.79,
      "unit": "€/gab"
    },
    "productPricePerUnit": {
      "value": 1.79,
      "unit": "€/l"
    },
    "productPriceWithLoyaltyCard": null,
    "productPricePerUnitWithLoyaltyCard": null,
    "imageUrl": "https://rimibaltic-res.cloudinary.com/image/upload/d_ecommerce:backend-fallback.png/MAT_801008_PCE_LV",
    "available": true,
    "discount": null
  },
  {
    "shop": "RIMI",
    "categories": [
      1,
      1002,
      10010021
    ],
    "productName": "Gāz.dzēriens Pepsi Cola 0,33L bun.",
    "productPriceOld": null,
    "productPrice": {
      "value": 0.99,
      "unit": "€/gab"
    },
    "productPricePerUnit": {
      "value": 3,
      "unit": "€/l"
    },
    "productPriceWithLoyaltyCard": {
      "value": 0.59,
      "unit": "€"
    },
    "productPricePerUnitWithLoyaltyCard": {
      "value": 1.79,
      "unit": "€/l"
    },
    "imageUrl": "https://rimibaltic-res.cloudinary.com/image/upload/d_ecommerce:backend-fallback.png/MAT_1360385_PCE_LV",
    "available": true,
    "discount": 40
  },
  {
    "shop": "RIMI",
    "categories": [
      1,
      1002,
      10010020
    ],
    "productName": "Nektārs Rimi banānu 1l",
    "productPriceOld": null,
    "productPrice": {
      "value": 1.79,
      "unit": "€/gab"
    },
    "productPricePerUnit": {
      "value": 1.79,
      "unit": "€/l"
    },
    "productPriceWithLoyaltyCard": null,
    "productPricePerUnitWithLoyaltyCard": null,
    "imageUrl": "https://rimibaltic-res.cloudinary.com/image/upload/d_ecommerce:backend-fallback.png/MAT_803422_PCE_LV",
    "available": true,
    "discount": null
  },
  {
    "shop": "RIMI",
    "categories": [
      1,
      1002,
      10010020
    ],
    "productName": "Sulas dzēriens Cido citronu laima 1l",
    "productPriceOld": null,
    "productPrice": {
      "value": 1.99,
      "unit": "€/gab"
    },
    "productPricePerUnit": {
      "value": 1.99,
      "unit": "€/l"
    },
    "productPriceWithLoyaltyCard": {
      "value": 1.79,
      "unit": "€"
    },
    "productPricePerUnitWithLoyaltyCard": {
      "value": 1.79,
      "unit": "€/l"
    },
    "imageUrl": "https://rimibaltic-res.cloudinary.com/image/upload/d_ecommerce:backend-fallback.png/MAT_161058_PCE_LV",
    "available": true,
    "discount": 10
  },
  {
    "shop": "RIMI",
    "categories": [
      2,
      2001,
      20010014
    ],
    "productName": "Dārzeņu sula Rimi 100% 1L",
    "productPriceOld": null,
    "productPrice": {
      "value": 1.79,
      "unit": "€/gab"
    },
    "productPricePerUnit": {
      "value": 1.79,
      "unit": "€/l"
    },
    "productPriceWithLoyaltyCard": null,
    "productPricePerUnitWithLoyaltyCard": null,
    "imageUrl": "https://rimibaltic-res.cloudinary.com/image/upload/d_ecommerce:backend-fallback.png/MAT_813594_PCE_LV",
    "available": true,
    "discount": null
  },
  {
    "shop": "RIMI",
    "categories": [
      1,
      1002,
      10010027
    ],
    "productName": "Karstais dzēriens ar upenēm Rimi 1l",
    "productPriceOld": null,
    "productPrice": {
      "value": 1.79,
      "unit": "€/gab"
    },
    "productPricePerUnit": {
      "value": 1.79,
      "unit": "€/l"
    },
    "productPriceWithLoyaltyCard": null,
    "productPricePerUnitWithLoyaltyCard": null,
    "imageUrl": "https://rimibaltic-res.cloudinary.com/image/upload/d_ecommerce:backend-fallback.png/MAT_815775_PCE_LV",
    "available": true,
    "discount": null
  },
  {
    "shop": "RIMI",
    "categories": [
      1,
      1002,
      10010020
    ],
    "productName": "Dzēriens Cido Kids Tutti Frutti 1,5l",
    "productPriceOld": null,
    "productPrice": {
      "value": 2.69,
      "unit": "€/gab"
    },
    "productPricePerUnit": {
      "value": 1.79,
      "unit": "€/l"
    },
    "productPriceWithLoyaltyCard": null,
    "productPricePerUnitWithLoyaltyCard": null,
    "imageUrl": "https://rimibaltic-res.cloudinary.com/image/upload/d_ecommerce:backend-fallback.png/MAT_1017454_PCE_LV",
    "available": true,
    "discount": null
  },
  {
    "shop": "RIMI",
    "categories": [
      1,
      1002,
      10010020
    ],
    "productName": "Sula Elmenhorster tomātu 100% 1l",
    "productPriceOld": null,
    "productPrice": {
      "value": 1.79,
      "unit": "€/gab"
    },
    "productPricePerUnit": {
      "value": 1.79,
      "unit": "€/l"
    },
    "productPriceWithLoyaltyCard": null,
    "productPricePerUnitWithLoyaltyCard": null,
    "imageUrl": "https://rimibaltic-res.cloudinary.com/image/upload/d_ecommerce:backend-fallback.png/MAT_136024_PCE_LV",
    "available": true,
    "discount": null
  },
  {
    "shop": "MAXIMA",
    "categories": [
      1,
      1002,
      10010021
    ],
    "productName": "Gāz.dzēr. MIO&RIO Apelsīnu 0,33L sk. D",
    "productPriceOld": null,
    "productPrice": {
      "value": 0.59,
      "unit": "€"
    },
    "productPricePerUnit": {
      "value": 1.79,
      "unit": "€/l"
    },
    "productPriceWithLoyaltyCard": null,
    "productPricePerUnitWithLoyaltyCard": null,
    "imageUrl": "https://cdn.barbora.lv/products/b5626308-7efd-4fa2-ae95-8f83aae6e8b9_s.png",
    "available": true,
    "discount": null
  },
  {
    "shop": "MAXIMA",
    "categories": [
      1,
      1002,
      10010021
    ],
    "productName": "Gāz.dzēr. MIO&RIO Kolas garša 0,33L sk.D",
    "productPriceOld": null,
    "productPrice": {
      "value": 0.59,
      "unit": "€"
    },
    "productPricePerUnit": {
      "value": 1.79,
      "unit": "€/l"
    },
    "productPriceWithLoyaltyCard": null,
    "productPricePerUnitWithLoyaltyCard": null,
    "imageUrl": "https://cdn.barbora.lv/products/6610ce42-a351-42ca-938a-3d1fefc2637c_s.png",
    "available": true,
    "discount": null
  },
  {
    "shop": "MAXIMA",
    "categories": [
      1,
      1002,
      10010021
    ],
    "productName": "Gāzēts dzēriens ENJOY arbūzu 0,33L D",
    "productPriceOld": {
      "value": 0.85,
      "unit": "€"
    },
    "productPrice": {
      "value": 0.59,
      "unit": "€"
    },
    "productPricePerUnit": {
      "value": 1.79,
      "unit": "€/l"
    },
    "productPriceWithLoyaltyCard": null,
    "productPricePerUnitWithLoyaltyCard": null,
    "imageUrl": "https://cdn.barbora.lv/products/951d7c67-db14-4098-a336-84f7184ae863_s.png",
    "available": true,
    "discount": 31
  },
  {
    "shop": "MAXIMA",
    "categories": [
      1,
      1002,
      10010020
    ],
    "productName": "Sula ELMENHORSTER tomātu 100% 1L",
    "productPriceOld": null,
    "productPrice": {
      "value": 1.79,
      "unit": "€"
    },
    "productPricePerUnit": {
      "value": 1.79,
      "unit": "€/l"
    },
    "productPriceWithLoyaltyCard": null,
    "productPricePerUnitWithLoyaltyCard": null,
    "imageUrl": "https://cdn.barbora.lv/products/7de36fc5-7a3b-4b86-b8ec-a988dccd8ce9_s.png",
    "available": true,
    "discount": null
  },
  {
    "shop": "CITRO",
    "categories": [
      2,
      2001,
      2001006
    ],
    "productName": "DRUVA RUPJM. KLONA GR. 700G",
    "productPriceOld": null,
    "productPrice": null,
    "productPricePerUnit": {
      "value": 1.79,
      "unit": "€/KG"
    },
    "productPriceWithLoyaltyCard": null,
    "productPricePerUnitWithLoyaltyCard": null,
    "imageUrl": "https://rezekne.citro.lv/wp-content/uploads/2024/01/4750212000775-300x300.jpg",
    "available": true,
    "discount": null
  },
  {
    "shop": "MAXIMA",
    "categories": [
      1,
      1001,
      1001001
    ],
    "productName": "Alus LĀČPLĒSIS EKSTRA 5,2% 0,568L sk.D",
    "productPriceOld": null,
    "productPrice": {
      "value": 1.02,
      "unit": "€"
    },
    "productPricePerUnit": {
      "value": 1.8,
      "unit": "€/l"
    },
    "productPriceWithLoyaltyCard": null,
    "productPricePerUnitWithLoyaltyCard": null,
    "imageUrl": "https://cdn.barbora.lv/products/785e3268-1330-42f0-93a4-3a3c7dc60d67_s.png",
    "available": true,
    "discount": null
  },
  {
    "shop": "MAXIMA",
    "categories": [
      1,
      1002,
      10010020
    ],
    "productName": "Sulas dzēriens CIDO citronu-laima 1L",
    "productPriceOld": null,
    "productPrice": {
      "value": 1.82,
      "unit": "€"
    },
    "productPricePerUnit": {
      "value": 1.82,
      "unit": "€/l"
    },
    "productPriceWithLoyaltyCard": null,
    "productPricePerUnitWithLoyaltyCard": null,
    "imageUrl": "https://cdn.barbora.lv/products/c68ad9cc-a42f-49f9-a63e-e38fb6172d55_s.png",
    "available": true,
    "discount": null
  },
  {
    "shop": "MAXIMA",
    "categories": [
      1,
      1002,
      10010020
    ],
    "productName": "Nektārs CIDO banānu 1L",
    "productPriceOld": null,
    "productPrice": {
      "value": 1.82,
      "unit": "€"
    },
    "productPricePerUnit": {
      "value": 1.82,
      "unit": "€/l"
    },
    "productPriceWithLoyaltyCard": null,
    "productPricePerUnitWithLoyaltyCard": null,
    "imageUrl": "https://cdn.barbora.lv/products/98f94ba3-4c37-41f3-b4ce-a0e21c1f9e1c_s.png",
    "available": true,
    "discount": null
  },
  {
    "shop": "MAXIMA",
    "categories": [
      1,
      1002,
      10010020
    ],
    "productName": "Nektārs mango WELL DONE 1L PET D",
    "productPriceOld": null,
    "productPrice": {
      "value": 1.82,
      "unit": "€"
    },
    "productPricePerUnit": {
      "value": 1.82,
      "unit": "€/l"
    },
    "productPriceWithLoyaltyCard": null,
    "productPricePerUnitWithLoyaltyCard": null,
    "imageUrl": "https://cdn.barbora.lv/products/baffc98e-87ed-4e27-a64c-8bb4d8854f1d_s.png",
    "available": true,
    "discount": null
  },
  {
    "shop": "MAXIMA",
    "categories": [
      1,
      1002,
      10010020
    ],
    "productName": "Nektārs sark.vīnogu WELL DONE 1L PET D",
    "productPriceOld": null,
    "productPrice": {
      "value": 1.82,
      "unit": "€"
    },
    "productPricePerUnit": {
      "value": 1.82,
      "unit": "€/l"
    },
    "productPriceWithLoyaltyCard": null,
    "productPricePerUnitWithLoyaltyCard": null,
    "imageUrl": "https://cdn.barbora.lv/products/fe7e4d00-8366-4c52-a51e-abbfa04192d9_s.png",
    "available": true,
    "discount": null
  },
  {
    "shop": "MAXIMA",
    "categories": [
      1,
      1002,
      10010020
    ],
    "productName": "Nektārs multiaugļu WELL DONE 1L PET D",
    "productPriceOld": null,
    "productPrice": {
      "value": 1.82,
      "unit": "€"
    },
    "productPricePerUnit": {
      "value": 1.82,
      "unit": "€/l"
    },
    "productPriceWithLoyaltyCard": null,
    "productPricePerUnitWithLoyaltyCard": null,
    "imageUrl": "https://cdn.barbora.lv/products/12297adc-0856-4497-b9fe-ac6c18e8210d_s.png",
    "available": true,
    "discount": null
  },
  {
    "shop": "MAXIMA",
    "categories": [
      1,
      1001,
      1001001
    ],
    "productName": "Alus AMBER CITY Tumšais 5% 500ml sk.D",
    "productPriceOld": null,
    "productPrice": {
      "value": 0.91,
      "unit": "€"
    },
    "productPricePerUnit": {
      "value": 1.82,
      "unit": "€/l"
    },
    "productPriceWithLoyaltyCard": null,
    "productPricePerUnitWithLoyaltyCard": null,
    "imageUrl": "https://cdn.barbora.lv/products/f543a91a-8932-43c9-9a09-bc65a4796dcf_s.png",
    "available": true,
    "discount": null
  },
  {
    "shop": "MAXIMA",
    "categories": [
      1,
      1001,
      1001001
    ],
    "productName": "Alus CRONUS Germ.Pilsner 4,8% 0,5L sk.D",
    "productPriceOld": null,
    "productPrice": {
      "value": 0.91,
      "unit": "€"
    },
    "productPricePerUnit": {
      "value": 1.82,
      "unit": "€/l"
    },
    "productPriceWithLoyaltyCard": null,
    "productPricePerUnitWithLoyaltyCard": null,
    "imageUrl": "https://cdn.barbora.lv/products/d59a79f9-941c-4925-bbe5-555f9af5e01c_s.png",
    "available": true,
    "discount": null
  },
  {
    "shop": "RIMI",
    "categories": [
      2,
      2001,
      2001002
    ],
    "productName": "Mākoņmaize Druva XXL šķēles 350g",
    "productPriceOld": {
      "value": 0.99,
      "unit": "€"
    },
    "productPrice": {
      "value": 0.64,
      "unit": "€/gab"
    },
    "productPricePerUnit": {
      "value": 1.83,
      "unit": "€/kg"
    },
    "productPriceWithLoyaltyCard": null,
    "productPricePerUnitWithLoyaltyCard": null,
    "imageUrl": "https://rimibaltic-res.cloudinary.com/image/upload/d_ecommerce:backend-fallback.png/MAT_4006124_PCE_LV",
    "available": true,
    "discount": 35
  },
  {
    "shop": "MAXIMA",
    "categories": [
      1,
      1002,
      10010027
    ],
    "productName": "Morss GUTTA MAX dzērveņu 2L",
    "productPriceOld": null,
    "productPrice": {
      "value": 3.65,
      "unit": "€"
    },
    "productPricePerUnit": {
      "value": 1.83,
      "unit": "€/l"
    },
    "productPriceWithLoyaltyCard": null,
    "productPricePerUnitWithLoyaltyCard": null,
    "imageUrl": "https://cdn.barbora.lv/products/f7985d60-898a-45f0-ad8d-0982bb762a39_s.png",
    "available": true,
    "discount": null
  },
  {
    "shop": "MAXIMA",
    "categories": [
      1,
      1002,
      10010020
    ],
    "productName": "Sulas dzēriens GUTTA MAX granātābolu 2L",
    "productPriceOld": null,
    "productPrice": {
      "value": 3.65,
      "unit": "€"
    },
    "productPricePerUnit": {
      "value": 1.83,
      "unit": "€/l"
    },
    "productPriceWithLoyaltyCard": null,
    "productPricePerUnitWithLoyaltyCard": null,
    "imageUrl": "https://cdn.barbora.lv/products/83261005-8c7d-495d-a0ea-5270ecfcef34_s.png",
    "available": true,
    "discount": null
  },
  {
    "shop": "RIMI",
    "categories": [
      1,
      1001,
      1001001
    ],
    "productName": "Alus Carlsber 5%  4x0,568l",
    "productPriceOld": null,
    "productPrice": {
      "value": 4.19,
      "unit": "€/gab"
    },
    "productPricePerUnit": {
      "value": 1.84,
      "unit": "€/l"
    },
    "productPriceWithLoyaltyCard": null,
    "productPricePerUnitWithLoyaltyCard": null,
    "imageUrl": "https://rimibaltic-res.cloudinary.com/image/upload/d_ecommerce:backend-fallback.png/MAT_1372718_PCE_LV",
    "available": true,
    "discount": null
  },
  {
    "shop": "RIMI",
    "categories": [
      1,
      1002,
      10010020
    ],
    "productName": "Nektārs Rimi plūmju 1l",
    "productPriceOld": null,
    "productPrice": {
      "value": 1.85,
      "unit": "€/gab"
    },
    "productPricePerUnit": {
      "value": 1.85,
      "unit": "€/l"
    },
    "productPriceWithLoyaltyCard": null,
    "productPricePerUnitWithLoyaltyCard": null,
    "imageUrl": "https://rimibaltic-res.cloudinary.com/image/upload/d_ecommerce:backend-fallback.png/MAT_803333_PCE_LV",
    "available": true,
    "discount": null
  },
  {
    "shop": "RIMI",
    "categories": [
      1,
      1002,
      10010020
    ],
    "productName": "Nektārs Gutta Max ananasu 2l",
    "productPriceOld": null,
    "productPrice": {
      "value": 3.69,
      "unit": "€/gab"
    },
    "productPricePerUnit": {
      "value": 1.85,
      "unit": "€/l"
    },
    "productPriceWithLoyaltyCard": null,
    "productPricePerUnitWithLoyaltyCard": null,
    "imageUrl": "https://rimibaltic-res.cloudinary.com/image/upload/d_ecommerce:backend-fallback.png/MAT_108221_PCE_LV",
    "available": true,
    "discount": null
  },
  {
    "shop": "RIMI",
    "categories": [
      1,
      1002,
      10010020
    ],
    "productName": "Apelsīnu dzēriens Pfanner 2l",
    "productPriceOld": null,
    "productPrice": {
      "value": 3.69,
      "unit": "€/gab"
    },
    "productPricePerUnit": {
      "value": 1.85,
      "unit": "€/l"
    },
    "productPriceWithLoyaltyCard": null,
    "productPricePerUnitWithLoyaltyCard": null,
    "imageUrl": "https://rimibaltic-res.cloudinary.com/image/upload/d_ecommerce:backend-fallback.png/MAT_1020158_PCE_LV",
    "available": true,
    "discount": null
  },
  {
    "shop": "RIMI",
    "categories": [
      1,
      1002,
      10010020
    ],
    "productName": "Dzēriens Pfanner Arbūzu 30% 1l",
    "productPriceOld": null,
    "productPrice": {
      "value": 2.15,
      "unit": "€/gab"
    },
    "productPricePerUnit": {
      "value": 2.15,
      "unit": "€/l"
    },
    "productPriceWithLoyaltyCard": {
      "value": 1.85,
      "unit": "€"
    },
    "productPricePerUnitWithLoyaltyCard": {
      "value": 1.85,
      "unit": "€/l"
    },
    "imageUrl": "https://rimibaltic-res.cloudinary.com/image/upload/d_ecommerce:backend-fallback.png/MAT_1011553_PCE_LV",
    "available": true,
    "discount": 14
  },
  {
    "shop": "RIMI",
    "categories": [
      1,
      1001,
      1001001
    ],
    "productName": "Alus Cēsu Premium, bundžā 5% 0,568l",
    "productPriceOld": null,
    "productPrice": {
      "value": 1.45,
      "unit": "€/gab"
    },
    "productPricePerUnit": {
      "value": 2.55,
      "unit": "€/l"
    },
    "productPriceWithLoyaltyCard": {
      "value": 1.05,
      "unit": "€"
    },
    "productPricePerUnitWithLoyaltyCard": {
      "value": 1.85,
      "unit": "€/l"
    },
    "imageUrl": "https://rimibaltic-res.cloudinary.com/image/upload/d_ecommerce:backend-fallback.png/MAT_1353965_PCE_LV",
    "available": true,
    "discount": 28
  },
  {
    "shop": "RIMI",
    "categories": [
      1,
      1001,
      1001001
    ],
    "productName": "Alus Miezītis stiprais PET 5,8% 1l",
    "productPriceOld": null,
    "productPrice": {
      "value": 2.15,
      "unit": "€/gab"
    },
    "productPricePerUnit": {
      "value": 2.15,
      "unit": "€/l"
    },
    "productPriceWithLoyaltyCard": {
      "value": 1.85,
      "unit": "€"
    },
    "productPricePerUnitWithLoyaltyCard": {
      "value": 1.85,
      "unit": "€/l"
    },
    "imageUrl": "https://rimibaltic-res.cloudinary.com/image/upload/d_ecommerce:backend-fallback.png/MAT_7181002_PCE_LV",
    "available": true,
    "discount": 14
  },
  {
    "shop": "RIMI",
    "categories": [
      1,
      1001,
      1001001
    ],
    "productName": "Alus Lāčplēsis gaišais 5,0% 1l",
    "productPriceOld": {
      "value": 2.19,
      "unit": "€"
    },
    "productPrice": {
      "value": 1.85,
      "unit": "€/gab"
    },
    "productPricePerUnit": {
      "value": 1.85,
      "unit": "€/l"
    },
    "productPriceWithLoyaltyCard": null,
    "productPricePerUnitWithLoyaltyCard": null,
    "imageUrl": "https://rimibaltic-res.cloudinary.com/image/upload/d_ecommerce:backend-fallback.png/MAT_1363745_PCE_LV",
    "available": true,
    "discount": 16
  },
  {
    "shop": "MAXIMA",
    "categories": [
      1,
      1002,
      10010020
    ],
    "productName": "Nektārs GUTTA MAX ananasu 2L",
    "productPriceOld": null,
    "productPrice": {
      "value": 3.69,
      "unit": "€"
    },
    "productPricePerUnit": {
      "value": 1.85,
      "unit": "€/l"
    },
    "productPriceWithLoyaltyCard": null,
    "productPricePerUnitWithLoyaltyCard": null,
    "imageUrl": "https://cdn.barbora.lv/products/a9e33dbc-0eb4-4a7d-b093-095638f0e1dd_s.png",
    "available": true,
    "discount": null
  },
  {
    "shop": "CITRO",
    "categories": [
      1,
      1002,
      10010021
    ],
    "productName": "DZĒRIENS GĀZ. SPRITE 1L",
    "productPriceOld": null,
    "productPrice": null,
    "productPricePerUnit": {
      "value": 1.85,
      "unit": "€/L"
    },
    "productPriceWithLoyaltyCard": null,
    "productPricePerUnitWithLoyaltyCard": null,
    "imageUrl": "https://rezekne.citro.lv/wp-content/uploads/2022/03/5000112651928-300x300.jpg",
    "available": true,
    "discount": null
  },
  {
    "shop": "CITRO",
    "categories": [
      1,
      1002,
      10010021
    ],
    "productName": "DZĒRIENS GĀZ. COCA-COLA ZERO 1L",
    "productPriceOld": null,
    "productPrice": null,
    "productPricePerUnit": {
      "value": 1.85,
      "unit": "€/L"
    },
    "productPriceWithLoyaltyCard": null,
    "productPricePerUnitWithLoyaltyCard": null,
    "imageUrl": "https://rezekne.citro.lv/wp-content/uploads/2022/03/5000112651379-300x300.jpg",
    "available": true,
    "discount": null
  },
  {
    "shop": "CITRO",
    "categories": [
      1,
      1002,
      10010021
    ],
    "productName": "DZĒRIENS GĀZ. COCA-COLA ZERO 1L",
    "productPriceOld": null,
    "productPrice": null,
    "productPricePerUnit": {
      "value": 1.85,
      "unit": "€/L"
    },
    "productPriceWithLoyaltyCard": null,
    "productPricePerUnitWithLoyaltyCard": null,
    "imageUrl": "https://rezekne.citro.lv/wp-content/uploads/2022/03/5000112651379-300x300.jpg",
    "available": true,
    "discount": null
  },
  {
    "shop": "CITRO",
    "categories": [
      1,
      1002,
      10010021
    ],
    "productName": "DZĒRIENS GĀZ. FANTA ORANGE 1L",
    "productPriceOld": null,
    "productPrice": null,
    "productPricePerUnit": {
      "value": 1.85,
      "unit": "€/L"
    },
    "productPriceWithLoyaltyCard": null,
    "productPricePerUnitWithLoyaltyCard": null,
    "imageUrl": "https://rezekne.citro.lv/wp-content/uploads/2022/03/5000112651676-2-300x300.jpg",
    "available": true,
    "discount": null
  },
  {
    "shop": "CITRO",
    "categories": [
      1,
      1002,
      10010021
    ],
    "productName": "DZĒRIENS GĀZ. COCA-COLA 1L",
    "productPriceOld": null,
    "productPrice": null,
    "productPricePerUnit": {
      "value": 1.85,
      "unit": "€/L"
    },
    "productPriceWithLoyaltyCard": null,
    "productPricePerUnitWithLoyaltyCard": null,
    "imageUrl": "https://rezekne.citro.lv/wp-content/uploads/2022/03/5000112651300-300x300.jpg",
    "available": true,
    "discount": null
  },
  {
    "shop": "RIMI",
    "categories": [
      1,
      1002,
      10010020
    ],
    "productName": "Bērzu sula Birzī svaiga Latvijas 1,5L",
    "productPriceOld": null,
    "productPrice": {
      "value": 2.79,
      "unit": "€/gab"
    },
    "productPricePerUnit": {
      "value": 1.86,
      "unit": "€/l"
    },
    "productPriceWithLoyaltyCard": null,
    "productPricePerUnitWithLoyaltyCard": null,
    "imageUrl": "https://rimibaltic-res.cloudinary.com/image/upload/d_ecommerce:backend-fallback.png/MAT_164676_PCE_LV",
    "available": true,
    "discount": null
  },
  {
    "shop": "MAXIMA",
    "categories": [
      1,
      1002,
      10010021
    ],
    "productName": "Gāzēts dzēriens MOUNTAIN DEW 1,5L D",
    "productPriceOld": null,
    "productPrice": {
      "value": 2.79,
      "unit": "€"
    },
    "productPricePerUnit": {
      "value": 1.86,
      "unit": "€/l"
    },
    "productPriceWithLoyaltyCard": null,
    "productPricePerUnitWithLoyaltyCard": null,
    "imageUrl": "https://cdn.barbora.lv/products/b723a49e-a1bc-49af-ad77-ad3f895b0ae8_s.png",
    "available": true,
    "discount": null
  },
  {
    "shop": "RIMI",
    "categories": [
      1,
      1002,
      10010020
    ],
    "productName": "Nektārs Cido persiku 1l",
    "productPriceOld": null,
    "productPrice": {
      "value": 2.15,
      "unit": "€/gab"
    },
    "productPricePerUnit": {
      "value": 2.15,
      "unit": "€/l"
    },
    "productPriceWithLoyaltyCard": {
      "value": 1.89,
      "unit": "€"
    },
    "productPricePerUnitWithLoyaltyCard": {
      "value": 1.89,
      "unit": "€/l"
    },
    "imageUrl": "https://rimibaltic-res.cloudinary.com/image/upload/d_ecommerce:backend-fallback.png/MAT_100651_PCE_LV",
    "available": true,
    "discount": 12
  },
  {
    "shop": "RIMI",
    "categories": [
      1,
      1002,
      10010020
    ],
    "productName": "Nektārs Cido Indijas mango 1l",
    "productPriceOld": null,
    "productPrice": {
      "value": 2.65,
      "unit": "€/gab"
    },
    "productPricePerUnit": {
      "value": 2.65,
      "unit": "€/l"
    },
    "productPriceWithLoyaltyCard": {
      "value": 1.89,
      "unit": "€"
    },
    "productPricePerUnitWithLoyaltyCard": {
      "value": 1.89,
      "unit": "€/l"
    },
    "imageUrl": "https://rimibaltic-res.cloudinary.com/image/upload/d_ecommerce:backend-fallback.png/MAT_164053_PCE_LV",
    "available": true,
    "discount": 29
  },
  {
    "shop": "RIMI",
    "categories": [
      1,
      1002,
      10010020
    ],
    "productName": "Nektārs Cido granātābolu 1l",
    "productPriceOld": null,
    "productPrice": {
      "value": 2.79,
      "unit": "€/gab"
    },
    "productPricePerUnit": {
      "value": 2.79,
      "unit": "€/l"
    },
    "productPriceWithLoyaltyCard": {
      "value": 1.89,
      "unit": "€"
    },
    "productPricePerUnitWithLoyaltyCard": {
      "value": 1.89,
      "unit": "€/l"
    },
    "imageUrl": "https://rimibaltic-res.cloudinary.com/image/upload/d_ecommerce:backend-fallback.png/MAT_162906_PCE_LV",
    "available": true,
    "discount": 32
  },
  {
    "shop": "RIMI",
    "categories": [
      1,
      1002,
      10010020
    ],
    "productName": "Sulas dzēriens Gutta Max mango zemeņu 2l",
    "productPriceOld": null,
    "productPrice": {
      "value": 3.79,
      "unit": "€/gab"
    },
    "productPricePerUnit": {
      "value": 1.9,
      "unit": "€/l"
    },
    "productPriceWithLoyaltyCard": null,
    "productPricePerUnitWithLoyaltyCard": null,
    "imageUrl": "https://rimibaltic-res.cloudinary.com/image/upload/d_ecommerce:backend-fallback.png/MAT_160975_PCE_LV",
    "available": true,
    "discount": null
  },
  {
    "shop": "RIMI",
    "categories": [
      1,
      1002,
      10010026
    ],
    "productName": "Ledus tēja citronu Lipton 1,5L",
    "productPriceOld": null,
    "productPrice": {
      "value": 2.85,
      "unit": "€/gab"
    },
    "productPricePerUnit": {
      "value": 1.9,
      "unit": "€/l"
    },
    "productPriceWithLoyaltyCard": null,
    "productPricePerUnitWithLoyaltyCard": null,
    "imageUrl": "https://rimibaltic-res.cloudinary.com/image/upload/d_ecommerce:backend-fallback.png/MAT_1350581_PCE_LV",
    "available": true,
    "discount": null
  },
  {
    "shop": "RIMI",
    "categories": [
      1,
      1002,
      10010026
    ],
    "productName": "Ledus tēja Lipton persiku 1,5L",
    "productPriceOld": null,
    "productPrice": {
      "value": 2.85,
      "unit": "€/gab"
    },
    "productPricePerUnit": {
      "value": 1.9,
      "unit": "€/l"
    },
    "productPriceWithLoyaltyCard": null,
    "productPricePerUnitWithLoyaltyCard": null,
    "imageUrl": "https://rimibaltic-res.cloudinary.com/image/upload/d_ecommerce:backend-fallback.png/MAT_1350582_PCE_LV",
    "available": true,
    "discount": null
  },
  {
    "shop": "RIMI",
    "categories": [
      1,
      1002,
      10010026
    ],
    "productName": "Ledus tēja Lipton zaļā 1,5l",
    "productPriceOld": null,
    "productPrice": {
      "value": 2.85,
      "unit": "€/gab"
    },
    "productPricePerUnit": {
      "value": 1.9,
      "unit": "€/l"
    },
    "productPriceWithLoyaltyCard": null,
    "productPricePerUnitWithLoyaltyCard": null,
    "imageUrl": "https://rimibaltic-res.cloudinary.com/image/upload/d_ecommerce:backend-fallback.png/MAT_1353689_PCE_LV",
    "available": true,
    "discount": null
  },
  {
    "shop": "MAXIMA",
    "categories": [
      1,
      1002,
      10010020
    ],
    "productName": "Sulas dzēriens GUTTA MAX mango-zemeņu 2L",
    "productPriceOld": null,
    "productPrice": {
      "value": 3.79,
      "unit": "€"
    },
    "productPricePerUnit": {
      "value": 1.9,
      "unit": "€/l"
    },
    "productPriceWithLoyaltyCard": null,
    "productPricePerUnitWithLoyaltyCard": null,
    "imageUrl": "https://cdn.barbora.lv/products/38901d23-93cd-4d82-bfe4-94333b72bd40_s.png",
    "available": true,
    "discount": null
  },
  {
    "shop": "MAXIMA",
    "categories": [
      1,
      1002,
      10010020
    ],
    "productName": "Sulas dzēr.ELMENHORSTER PINA COLADA 1L",
    "productPriceOld": null,
    "productPrice": {
      "value": 1.91,
      "unit": "€"
    },
    "productPricePerUnit": {
      "value": 1.91,
      "unit": "€/l"
    },
    "productPriceWithLoyaltyCard": null,
    "productPricePerUnitWithLoyaltyCard": null,
    "imageUrl": "https://cdn.barbora.lv/products/185a6a2c-a7b9-4df7-a5d7-554275a838dc_s.png",
    "available": true,
    "discount": null
  },
  {
    "shop": "CITRO",
    "categories": [
      1,
      1001,
      1001001
    ],
    "productName": "ALUS CĒSU PREMIUM AMBER 5% 0.568L",
    "productPriceOld": {
      "value": 1.29,
      "unit": "€"
    },
    "productPrice": {
      "value": 1.09,
      "unit": "€"
    },
    "productPricePerUnit": {
      "value": 1.92,
      "unit": "€/L"
    },
    "productPriceWithLoyaltyCard": null,
    "productPricePerUnitWithLoyaltyCard": null,
    "imageUrl": "https://rezekne.citro.lv/wp-content/uploads/2022/05/4750142004591-300x300.jpg",
    "available": true,
    "discount": 16
  },
  {
    "shop": "CITRO",
    "categories": [
      1,
      1001,
      1001001
    ],
    "productName": "ALUS ALDARIS GAIŠAIS 5% 0.568L CAN",
    "productPriceOld": null,
    "productPrice": null,
    "productPricePerUnit": {
      "value": 1.92,
      "unit": "€/L"
    },
    "productPriceWithLoyaltyCard": null,
    "productPricePerUnitWithLoyaltyCard": null,
    "imageUrl": "https://rezekne.citro.lv/wp-content/uploads/2022/04/4750049002492arFonu-300x300.jpg",
    "available": true,
    "discount": null
  },
  {
    "shop": "CITRO",
    "categories": [
      1,
      1001,
      1001001
    ],
    "productName": "ALUS ALDARIS ZELTA PINTE 5.2% 0.568L CAN",
    "productPriceOld": null,
    "productPrice": null,
    "productPricePerUnit": {
      "value": 1.92,
      "unit": "€/L"
    },
    "productPriceWithLoyaltyCard": null,
    "productPricePerUnitWithLoyaltyCard": null,
    "imageUrl": "https://rezekne.citro.lv/wp-content/uploads/2023/11/4750049002485-300x300.jpg",
    "available": true,
    "discount": null
  },
  {
    "shop": "CITRO",
    "categories": [
      2,
      2001,
      2001005
    ],
    "productName": "SALDSKĀBMAIZE FORMAS MAIZE ZEMNIEKU 600G LM",
    "productPriceOld": {
      "value": 1.39,
      "unit": "€"
    },
    "productPrice": {
      "value": 1.15,
      "unit": "€"
    },
    "productPricePerUnit": {
      "value": 1.92,
      "unit": "€/KG"
    },
    "productPriceWithLoyaltyCard": null,
    "productPricePerUnitWithLoyaltyCard": null,
    "imageUrl": "https://rezekne.citro.lv/wp-content/uploads/2024/04/4750192733380-300x300.jpg",
    "available": true,
    "discount": 17
  },
  {
    "shop": "MAXIMA",
    "categories": [
      1,
      1001,
      1001001
    ],
    "productName": "Alus BAUSKAS SENČU gaišais 4% 1L PET D",
    "productPriceOld": null,
    "productPrice": {
      "value": 1.93,
      "unit": "€"
    },
    "productPricePerUnit": {
      "value": 1.93,
      "unit": "€/l"
    },
    "productPriceWithLoyaltyCard": null,
    "productPricePerUnitWithLoyaltyCard": null,
    "imageUrl": "https://cdn.barbora.lv/products/7172db3e-1a9d-45a0-b9d3-4d96bcb67cca_s.png",
    "available": true,
    "discount": null
  },
  {
    "shop": "RIMI",
    "categories": [
      1,
      1001,
      1001001
    ],
    "productName": "Stiprais alus Walter 7% 0,5l",
    "productPriceOld": null,
    "productPrice": {
      "value": 0.97,
      "unit": "€/gab"
    },
    "productPricePerUnit": {
      "value": 1.94,
      "unit": "€/l"
    },
    "productPriceWithLoyaltyCard": null,
    "productPricePerUnitWithLoyaltyCard": null,
    "imageUrl": "https://rimibaltic-res.cloudinary.com/image/upload/d_ecommerce:backend-fallback.png/MAT_1369182_PCE_LV",
    "available": true,
    "discount": null
  },
  {
    "shop": "MAXIMA",
    "categories": [
      1,
      1001,
      1001001
    ],
    "productName": "Alus CRONUS Strong 7,5% 0,5L sk.D",
    "productPriceOld": null,
    "productPrice": {
      "value": 0.97,
      "unit": "€"
    },
    "productPricePerUnit": {
      "value": 1.94,
      "unit": "€/l"
    },
    "productPriceWithLoyaltyCard": null,
    "productPricePerUnitWithLoyaltyCard": null,
    "imageUrl": "https://cdn.barbora.lv/products/a117f1e3-a184-496e-840f-e71dcd9c18a6_s.png",
    "available": true,
    "discount": null
  },
  {
    "shop": "RIMI",
    "categories": [
      1,
      1002,
      10010020
    ],
    "productName": "Dzēriens Zoo Minions multiaugļu 0.2l",
    "productPriceOld": null,
    "productPrice": {
      "value": 0.55,
      "unit": "€/gab"
    },
    "productPricePerUnit": {
      "value": 2.75,
      "unit": "€/l"
    },
    "productPriceWithLoyaltyCard": {
      "value": 0.39,
      "unit": "€"
    },
    "productPricePerUnitWithLoyaltyCard": {
      "value": 1.95,
      "unit": "€/l"
    },
    "imageUrl": "https://rimibaltic-res.cloudinary.com/image/upload/d_ecommerce:backend-fallback.png/MAT_173576_PCE_LV",
    "available": true,
    "discount": 29
  },
  {
    "shop": "RIMI",
    "categories": [
      1,
      1002,
      10010020
    ],
    "productName": "Dzēriens Zoo Minions aveņu 0.2l",
    "productPriceOld": null,
    "productPrice": {
      "value": 0.55,
      "unit": "€/gab"
    },
    "productPricePerUnit": {
      "value": 2.75,
      "unit": "€/l"
    },
    "productPriceWithLoyaltyCard": {
      "value": 0.39,
      "unit": "€"
    },
    "productPricePerUnitWithLoyaltyCard": {
      "value": 1.95,
      "unit": "€/l"
    },
    "imageUrl": "https://rimibaltic-res.cloudinary.com/image/upload/d_ecommerce:backend-fallback.png/MAT_173558_PCE_LV",
    "available": true,
    "discount": 29
  },
  {
    "shop": "RIMI",
    "categories": [
      1,
      1002,
      10010020
    ],
    "productName": "Dzēriens Zoo Minions ban.zemeņu 0.2l",
    "productPriceOld": null,
    "productPrice": {
      "value": 0.55,
      "unit": "€/gab"
    },
    "productPricePerUnit": {
      "value": 2.75,
      "unit": "€/l"
    },
    "productPriceWithLoyaltyCard": {
      "value": 0.39,
      "unit": "€"
    },
    "productPricePerUnitWithLoyaltyCard": {
      "value": 1.95,
      "unit": "€/l"
    },
    "imageUrl": "https://rimibaltic-res.cloudinary.com/image/upload/d_ecommerce:backend-fallback.png/MAT_173583_PCE_LV",
    "available": true,
    "discount": 29
  },
  {
    "shop": "RIMI",
    "categories": [
      1,
      1002,
      10010021
    ],
    "productName": "Gāzēts dzēriens Coca Cola 1l",
    "productPriceOld": null,
    "productPrice": {
      "value": 1.95,
      "unit": "€/gab"
    },
    "productPricePerUnit": {
      "value": 1.95,
      "unit": "€/l"
    },
    "productPriceWithLoyaltyCard": null,
    "productPricePerUnitWithLoyaltyCard": null,
    "imageUrl": "https://rimibaltic-res.cloudinary.com/image/upload/d_ecommerce:backend-fallback.png/MAT_1360568_PCE_LV",
    "available": true,
    "discount": null
  },
  {
    "shop": "RIMI",
    "categories": [
      1,
      1002,
      10010021
    ],
    "productName": "Gāz. dzēr. Coca Cola Zero ar saldinātāju 1l",
    "productPriceOld": null,
    "productPrice": {
      "value": 1.95,
      "unit": "€/gab"
    },
    "productPricePerUnit": {
      "value": 1.95,
      "unit": "€/l"
    },
    "productPriceWithLoyaltyCard": null,
    "productPricePerUnitWithLoyaltyCard": null,
    "imageUrl": "https://rimibaltic-res.cloudinary.com/image/upload/d_ecommerce:backend-fallback.png/MAT_1360569_PCE_LV",
    "available": true,
    "discount": null
  },
  {
    "shop": "RIMI",
    "categories": [
      1,
      1002,
      10010021
    ],
    "productName": "Gāzēts dzēriens Fanta 1l",
    "productPriceOld": null,
    "productPrice": {
      "value": 1.95,
      "unit": "€/gab"
    },
    "productPricePerUnit": {
      "value": 1.95,
      "unit": "€/l"
    },
    "productPriceWithLoyaltyCard": null,
    "productPricePerUnitWithLoyaltyCard": null,
    "imageUrl": "https://rimibaltic-res.cloudinary.com/image/upload/d_ecommerce:backend-fallback.png/MAT_1360598_PCE_LV",
    "available": true,
    "discount": null
  },
  {
    "shop": "RIMI",
    "categories": [
      1,
      1002,
      10010021
    ],
    "productName": "Gāzēts dzēriens Sprite 1l",
    "productPriceOld": null,
    "productPrice": {
      "value": 1.95,
      "unit": "€/gab"
    },
    "productPricePerUnit": {
      "value": 1.95,
      "unit": "€/l"
    },
    "productPriceWithLoyaltyCard": null,
    "productPricePerUnitWithLoyaltyCard": null,
    "imageUrl": "https://rimibaltic-res.cloudinary.com/image/upload/d_ecommerce:backend-fallback.png/MAT_1367110_PCE_LV",
    "available": true,
    "discount": null
  },
  {
    "shop": "RIMI",
    "categories": [
      1,
      1002,
      10010020
    ],
    "productName": "Nektārs Gutta Max sarkano vīnogu 2l",
    "productPriceOld": null,
    "productPrice": {
      "value": 3.89,
      "unit": "€/gab"
    },
    "productPricePerUnit": {
      "value": 1.95,
      "unit": "€/l"
    },
    "productPriceWithLoyaltyCard": null,
    "productPricePerUnitWithLoyaltyCard": null,
    "imageUrl": "https://rimibaltic-res.cloudinary.com/image/upload/d_ecommerce:backend-fallback.png/MAT_156959_PCE_LV",
    "available": true,
    "discount": null
  },
  {
    "shop": "RIMI",
    "categories": [
      1,
      1002,
      10010020
    ],
    "productName": "Nektārs Gutta Max ābolu vīnogu 2l",
    "productPriceOld": null,
    "productPrice": {
      "value": 3.89,
      "unit": "€/gab"
    },
    "productPricePerUnit": {
      "value": 1.95,
      "unit": "€/l"
    },
    "productPriceWithLoyaltyCard": null,
    "productPricePerUnitWithLoyaltyCard": null,
    "imageUrl": "https://rimibaltic-res.cloudinary.com/image/upload/d_ecommerce:backend-fallback.png/MAT_140991_PCE_LV",
    "available": true,
    "discount": null
  },
  {
    "shop": "RIMI",
    "categories": [
      1,
      1002,
      10010020
    ],
    "productName": "Nektārs Gutta Max ābolu 2l",
    "productPriceOld": null,
    "productPrice": {
      "value": 3.89,
      "unit": "€/gab"
    },
    "productPricePerUnit": {
      "value": 1.95,
      "unit": "€/l"
    },
    "productPriceWithLoyaltyCard": null,
    "productPricePerUnitWithLoyaltyCard": null,
    "imageUrl": "https://rimibaltic-res.cloudinary.com/image/upload/d_ecommerce:backend-fallback.png/MAT_127067_PCE_LV",
    "available": true,
    "discount": null
  },
  {
    "shop": "RIMI",
    "categories": [
      1,
      1002,
      10010020
    ],
    "productName": "Nektārs Gutta Max multi aveņu melleņu 2l",
    "productPriceOld": null,
    "productPrice": {
      "value": 3.89,
      "unit": "€/gab"
    },
    "productPricePerUnit": {
      "value": 1.95,
      "unit": "€/l"
    },
    "productPriceWithLoyaltyCard": null,
    "productPricePerUnitWithLoyaltyCard": null,
    "imageUrl": "https://rimibaltic-res.cloudinary.com/image/upload/d_ecommerce:backend-fallback.png/MAT_1000576_PCE_LV",
    "available": true,
    "discount": null
  },
  {
    "shop": "MAXIMA",
    "categories": [
      1,
      1002,
      10010020
    ],
    "productName": "Nektārs GUTTA MAX sarkano vīnogu 2L",
    "productPriceOld": null,
    "productPrice": {
      "value": 3.89,
      "unit": "€"
    },
    "productPricePerUnit": {
      "value": 1.95,
      "unit": "€/l"
    },
    "productPriceWithLoyaltyCard": null,
    "productPricePerUnitWithLoyaltyCard": null,
    "imageUrl": "https://cdn.barbora.lv/products/bd38d352-85c1-4f11-b046-7fc00da437ec_s.png",
    "available": true,
    "discount": null
  },
  {
    "shop": "MAXIMA",
    "categories": [
      1,
      1002,
      10010020
    ],
    "productName": "Nektārs GUTTA MAX ābolu-vīnogu 2L",
    "productPriceOld": null,
    "productPrice": {
      "value": 3.89,
      "unit": "€"
    },
    "productPricePerUnit": {
      "value": 1.95,
      "unit": "€/l"
    },
    "productPriceWithLoyaltyCard": null,
    "productPricePerUnitWithLoyaltyCard": null,
    "imageUrl": "https://cdn.barbora.lv/products/c879498b-069e-4de3-9e65-29e2afe80c45_s.png",
    "available": true,
    "discount": null
  },
  {
    "shop": "MAXIMA",
    "categories": [
      1,
      1002,
      10010020
    ],
    "productName": "Nektārs GUTTA MAX aveņu-melleņu 2L",
    "productPriceOld": null,
    "productPrice": {
      "value": 3.89,
      "unit": "€"
    },
    "productPricePerUnit": {
      "value": 1.95,
      "unit": "€/l"
    },
    "productPriceWithLoyaltyCard": null,
    "productPricePerUnitWithLoyaltyCard": null,
    "imageUrl": "https://cdn.barbora.lv/products/7dd1c70d-218f-468f-9f23-21e4e0b153a8_s.png",
    "available": true,
    "discount": null
  },
  {
    "shop": "MAXIMA",
    "categories": [
      1,
      1002,
      10010020
    ],
    "productName": "Nektārs GUTTA MAX ābolu 2L",
    "productPriceOld": null,
    "productPrice": {
      "value": 3.89,
      "unit": "€"
    },
    "productPricePerUnit": {
      "value": 1.95,
      "unit": "€/l"
    },
    "productPriceWithLoyaltyCard": null,
    "productPricePerUnitWithLoyaltyCard": null,
    "imageUrl": "https://cdn.barbora.lv/products/3cf880b0-9613-4473-9043-01fe0f096838_s.png",
    "available": true,
    "discount": null
  },
  {
    "shop": "CITRO",
    "categories": [
      1,
      1002,
      10010020
    ],
    "productName": "NEKTĀRS PERSIKU-ĀBOLU SADOČOK AR MĪKST. 950ML",
    "productPriceOld": {
      "value": 2.09,
      "unit": "€"
    },
    "productPrice": {
      "value": 1.85,
      "unit": "€"
    },
    "productPricePerUnit": {
      "value": 1.95,
      "unit": "€/L"
    },
    "productPriceWithLoyaltyCard": null,
    "productPricePerUnitWithLoyaltyCard": null,
    "imageUrl": "https://rezekne.citro.lv/wp-content/uploads/2024/02/4823063126052-300x300.jpg",
    "available": true,
    "discount": 11
  },
  {
    "shop": "CITRO",
    "categories": [
      1,
      1002,
      10010027
    ],
    "productName": "DZĒRIENS VITA TIGRA VĪNOGU PERSIKU 0.2L",
    "productPriceOld": null,
    "productPrice": null,
    "productPricePerUnit": {
      "value": 1.95,
      "unit": "€/L"
    },
    "productPriceWithLoyaltyCard": null,
    "productPricePerUnitWithLoyaltyCard": null,
    "imageUrl": "https://rezekne.citro.lv/wp-content/uploads/2023/03/4770569915188-300x300.jpg",
    "available": true,
    "discount": null
  },
  {
    "shop": "CITRO",
    "categories": [
      1,
      1002,
      10010027
    ],
    "productName": "DZĒRIENS VITA TIGRA APELSĪNU PERSIKU BANĀNU 0.2L",
    "productPriceOld": null,
    "productPrice": null,
    "productPricePerUnit": {
      "value": 1.95,
      "unit": "€/L"
    },
    "productPriceWithLoyaltyCard": null,
    "productPricePerUnitWithLoyaltyCard": null,
    "imageUrl": "https://rezekne.citro.lv/wp-content/uploads/2023/03/4770569915171-300x300.jpg",
    "available": true,
    "discount": null
  },
  {
    "shop": "CITRO",
    "categories": [
      1,
      1002,
      10010020
    ],
    "productName": "CIDO SULA ĀBOLU 1L",
    "productPriceOld": null,
    "productPrice": null,
    "productPricePerUnit": {
      "value": 1.95,
      "unit": "€/L"
    },
    "productPriceWithLoyaltyCard": null,
    "productPricePerUnitWithLoyaltyCard": null,
    "imageUrl": "https://rezekne.citro.lv/wp-content/uploads/2021/02/4750042804215-300x300.jpg",
    "available": true,
    "discount": null
  },
  {
    "shop": "RIMI",
    "categories": [
      1,
      1002,
      10010020
    ],
    "productName": "Nektārs Rimi ananasu 1l",
    "productPriceOld": null,
    "productPrice": {
      "value": 1.96,
      "unit": "€/gab"
    },
    "productPricePerUnit": {
      "value": 1.96,
      "unit": "€/l"
    },
    "productPriceWithLoyaltyCard": null,
    "productPricePerUnitWithLoyaltyCard": null,
    "imageUrl": "https://rimibaltic-res.cloudinary.com/image/upload/d_ecommerce:backend-fallback.png/MAT_803420_PCE_LV",
    "available": true,
    "discount": null
  },
  {
    "shop": "MAXIMA",
    "categories": [
      1,
      1002,
      10010020
    ],
    "productName": "Nektārs ananasu WELL DONE 1L",
    "productPriceOld": null,
    "productPrice": {
      "value": 1.96,
      "unit": "€"
    },
    "productPricePerUnit": {
      "value": 1.96,
      "unit": "€/l"
    },
    "productPriceWithLoyaltyCard": null,
    "productPricePerUnitWithLoyaltyCard": null,
    "imageUrl": "https://cdn.barbora.lv/products/4eef9346-2ddc-49e0-a87d-194694cbb4cf_s.png",
    "available": true,
    "discount": null
  },
  {
    "shop": "CITRO",
    "categories": [
      2,
      2001,
      2001002
    ],
    "productName": "BALTMAIZE KLONA 300G DRUVA",
    "productPriceOld": {
      "value": 1.05,
      "unit": "€"
    },
    "productPrice": {
      "value": 0.59,
      "unit": "€"
    },
    "productPricePerUnit": {
      "value": 1.97,
      "unit": "€/KG"
    },
    "productPriceWithLoyaltyCard": null,
    "productPricePerUnitWithLoyaltyCard": null,
    "imageUrl": "https://rezekne.citro.lv/wp-content/uploads/2020/12/4750212001550-300x300.jpg",
    "available": true,
    "discount": 44
  },
  {
    "shop": "RIMI",
    "categories": [
      2,
      2001,
      2001003
    ],
    "productName": "Tostermaize Rimi Beķera, sagriezta 500g",
    "productPriceOld": null,
    "productPrice": {
      "value": 0.99,
      "unit": "€/gab"
    },
    "productPricePerUnit": {
      "value": 1.98,
      "unit": "€/kg"
    },
    "productPriceWithLoyaltyCard": null,
    "productPricePerUnitWithLoyaltyCard": null,
    "imageUrl": "https://rimibaltic-res.cloudinary.com/image/upload/d_ecommerce:backend-fallback.png/MAT_813534_PCE_LV",
    "available": true,
    "discount": null
  },
  {
    "shop": "RIMI",
    "categories": [
      1,
      1003,
      1003001
    ],
    "productName": "Alus Tērvete bezalkoholiskais 0,5l",
    "productPriceOld": null,
    "productPrice": {
      "value": 1.39,
      "unit": "€/gab"
    },
    "productPricePerUnit": {
      "value": 2.78,
      "unit": "€/l"
    },
    "productPriceWithLoyaltyCard": {
      "value": 0.99,
      "unit": "€"
    },
    "productPricePerUnitWithLoyaltyCard": {
      "value": 1.98,
      "unit": "€/l"
    },
    "imageUrl": "https://rimibaltic-res.cloudinary.com/image/upload/d_ecommerce:backend-fallback.png/MAT_1365869_PCE_LV",
    "available": true,
    "discount": 29
  },
  {
    "shop": "RIMI",
    "categories": [
      1,
      1002,
      10010024
    ],
    "productName": "Avota ūdens Lielbāta 0,5l",
    "productPriceOld": null,
    "productPrice": {
      "value": 0.99,
      "unit": "€/gab"
    },
    "productPricePerUnit": {
      "value": 1.98,
      "unit": "€/l"
    },
    "productPriceWithLoyaltyCard": null,
    "productPricePerUnitWithLoyaltyCard": null,
    "imageUrl": "https://rimibaltic-res.cloudinary.com/image/upload/d_ecommerce:backend-fallback.png/MAT_1357231_PCE_LV",
    "available": true,
    "discount": null
  },
  {
    "shop": "RIMI",
    "categories": [
      1,
      1002,
      10010024
    ],
    "productName": "Ūdens Lielbāta avota Kids 0,5l",
    "productPriceOld": null,
    "productPrice": {
      "value": 0.99,
      "unit": "€/gab"
    },
    "productPricePerUnit": {
      "value": 1.98,
      "unit": "€/l"
    },
    "productPriceWithLoyaltyCard": null,
    "productPricePerUnitWithLoyaltyCard": null,
    "imageUrl": "https://rimibaltic-res.cloudinary.com/image/upload/d_ecommerce:backend-fallback.png/MAT_1358178_PCE_LV",
    "available": true,
    "discount": null
  },
  {
    "shop": "RIMI",
    "categories": [
      1,
      1002,
      10010021
    ],
    "productName": "Gāzēts dzēriens Rimi ar apelsīnu garšu 0,5l",
    "productPriceOld": null,
    "productPrice": {
      "value": 0.99,
      "unit": "€/gab"
    },
    "productPricePerUnit": {
      "value": 1.98,
      "unit": "€/l"
    },
    "productPriceWithLoyaltyCard": null,
    "productPricePerUnitWithLoyaltyCard": null,
    "imageUrl": "https://rimibaltic-res.cloudinary.com/image/upload/d_ecommerce:backend-fallback.png/MAT_1360186_PCE_LV",
    "available": true,
    "discount": null
  },
  {
    "shop": "RIMI",
    "categories": [
      1,
      1002,
      10010021
    ],
    "productName": "Gāzēts dzēriens Cola Rimi 0,5l",
    "productPriceOld": null,
    "productPrice": {
      "value": 0.99,
      "unit": "€/gab"
    },
    "productPricePerUnit": {
      "value": 1.98,
      "unit": "€/l"
    },
    "productPriceWithLoyaltyCard": null,
    "productPricePerUnitWithLoyaltyCard": null,
    "imageUrl": "https://rimibaltic-res.cloudinary.com/image/upload/d_ecommerce:backend-fallback.png/MAT_1360201_PCE_LV",
    "available": true,
    "discount": null
  },
  {
    "shop": "RIMI",
    "categories": [
      1,
      1002,
      10010024
    ],
    "productName": "Ūdens Lielbāta gāzēts 0,5l",
    "productPriceOld": null,
    "productPrice": {
      "value": 0.99,
      "unit": "€/gab"
    },
    "productPricePerUnit": {
      "value": 1.98,
      "unit": "€/l"
    },
    "productPriceWithLoyaltyCard": null,
    "productPricePerUnitWithLoyaltyCard": null,
    "imageUrl": "https://rimibaltic-res.cloudinary.com/image/upload/d_ecommerce:backend-fallback.png/MAT_1358801_PCE_LV",
    "available": true,
    "discount": null
  },
  {
    "shop": "RIMI",
    "categories": [
      1,
      1002,
      10010021
    ],
    "productName": "Gāzēts dzēriens Rimi ar citrona garšu 0,5l",
    "productPriceOld": null,
    "productPrice": {
      "value": 0.99,
      "unit": "€/gab"
    },
    "productPricePerUnit": {
      "value": 1.98,
      "unit": "€/l"
    },
    "productPriceWithLoyaltyCard": null,
    "productPricePerUnitWithLoyaltyCard": null,
    "imageUrl": "https://rimibaltic-res.cloudinary.com/image/upload/d_ecommerce:backend-fallback.png/MAT_1360582_PCE_LV",
    "available": true,
    "discount": null
  },
  {
    "shop": "RIMI",
    "categories": [
      1,
      1002,
      10010027
    ],
    "productName": "Dzēriens Iļģuciema Veselības 0,5l",
    "productPriceOld": null,
    "productPrice": {
      "value": 0.99,
      "unit": "€/gab"
    },
    "productPricePerUnit": {
      "value": 1.98,
      "unit": "€/l"
    },
    "productPriceWithLoyaltyCard": null,
    "productPricePerUnitWithLoyaltyCard": null,
    "imageUrl": "https://rimibaltic-res.cloudinary.com/image/upload/d_ecommerce:backend-fallback.png/MAT_120638_PCE_LV",
    "available": true,
    "discount": null
  },
  {
    "shop": "RIMI",
    "categories": [
      1,
      1002,
      10010023
    ],
    "productName": "Kvass Iļģuciema 0,5l",
    "productPriceOld": null,
    "productPrice": {
      "value": 0.99,
      "unit": "€/gab"
    },
    "productPricePerUnit": {
      "value": 1.98,
      "unit": "€/l"
    },
    "productPriceWithLoyaltyCard": null,
    "productPricePerUnitWithLoyaltyCard": null,
    "imageUrl": "https://rimibaltic-res.cloudinary.com/image/upload/d_ecommerce:backend-fallback.png/MAT_121010_PCE_LV",
    "available": true,
    "discount": null
  },
  {
    "shop": "RIMI",
    "categories": [
      1,
      1002,
      10010027
    ],
    "productName": "Dzēriens Fruts burkānu, tropu augļu 0,5l",
    "productPriceOld": null,
    "productPrice": {
      "value": 0.99,
      "unit": "€/gab"
    },
    "productPricePerUnit": {
      "value": 1.98,
      "unit": "€/l"
    },
    "productPriceWithLoyaltyCard": null,
    "productPricePerUnitWithLoyaltyCard": null,
    "imageUrl": "https://rimibaltic-res.cloudinary.com/image/upload/d_ecommerce:backend-fallback.png/MAT_1358126_PCE_LV",
    "available": true,
    "discount": null
  },
  {
    "shop": "RIMI",
    "categories": [
      1,
      1002,
      10010022
    ],
    "productName": "Enerģētiskais dzēriens Battery 0,5l",
    "productPriceOld": null,
    "productPrice": {
      "value": 1.55,
      "unit": "€/gab"
    },
    "productPricePerUnit": {
      "value": 3.1,
      "unit": "€/l"
    },
    "productPriceWithLoyaltyCard": {
      "value": 0.99,
      "unit": "€"
    },
    "productPricePerUnitWithLoyaltyCard": {
      "value": 1.98,
      "unit": "€/l"
    },
    "imageUrl": "https://rimibaltic-res.cloudinary.com/image/upload/d_ecommerce:backend-fallback.png/MAT_1359728_PCE_LV",
    "available": true,
    "discount": 36
  },
  {
    "shop": "RIMI",
    "categories": [
      1,
      1002,
      10010027
    ],
    "productName": "Dzēriens Fruts sarkano ogu 0,5l",
    "productPriceOld": null,
    "productPrice": {
      "value": 0.99,
      "unit": "€/gab"
    },
    "productPricePerUnit": {
      "value": 1.98,
      "unit": "€/l"
    },
    "productPriceWithLoyaltyCard": null,
    "productPricePerUnitWithLoyaltyCard": null,
    "imageUrl": "https://rimibaltic-res.cloudinary.com/image/upload/d_ecommerce:backend-fallback.png/MAT_1358137_PCE_LV",
    "available": true,
    "discount": null
  },
  {
    "shop": "RIMI",
    "categories": [
      1,
      1002,
      10010024
    ],
    "productName": "Enerģ. ūdens Mangaļi ar līčijas-greip.g. 0,5l",
    "productPriceOld": null,
    "productPrice": {
      "value": 0.99,
      "unit": "€/gab"
    },
    "productPricePerUnit": {
      "value": 1.98,
      "unit": "€/l"
    },
    "productPriceWithLoyaltyCard": null,
    "productPricePerUnitWithLoyaltyCard": null,
    "imageUrl": "https://rimibaltic-res.cloudinary.com/image/upload/d_ecommerce:backend-fallback.png/MAT_1373598_PCE_LV",
    "available": true,
    "discount": null
  },
  {
    "shop": "RIMI",
    "categories": [
      1,
      1003,
      1003001
    ],
    "productName": "Alus Mežpils bezalkoholiskais 0,5l",
    "productPriceOld": null,
    "productPrice": {
      "value": 1.89,
      "unit": "€/gab"
    },
    "productPricePerUnit": {
      "value": 3.78,
      "unit": "€/l"
    },
    "productPriceWithLoyaltyCard": {
      "value": 0.99,
      "unit": "€"
    },
    "productPricePerUnitWithLoyaltyCard": {
      "value": 1.98,
      "unit": "€/l"
    },
    "imageUrl": "https://rimibaltic-res.cloudinary.com/image/upload/d_ecommerce:backend-fallback.png/MAT_1371048_PCE_LV",
    "available": true,
    "discount": 48
  },
  {
    "shop": "RIMI",
    "categories": [
      1,
      1002,
      10010023
    ],
    "productName": "Kvass Tērvete Saimes 0,5l",
    "productPriceOld": null,
    "productPrice": {
      "value": 1.35,
      "unit": "€/gab"
    },
    "productPricePerUnit": {
      "value": 2.7,
      "unit": "€/l"
    },
    "productPriceWithLoyaltyCard": {
      "value": 0.99,
      "unit": "€"
    },
    "productPricePerUnitWithLoyaltyCard": {
      "value": 1.98,
      "unit": "€/l"
    },
    "imageUrl": "https://rimibaltic-res.cloudinary.com/image/upload/d_ecommerce:backend-fallback.png/MAT_1371563_PCE_LV",
    "available": true,
    "discount": 27
  },
  {
    "shop": "RIMI",
    "categories": [
      1,
      1002,
      10010022
    ],
    "productName": "Dzēriens Cult Bubble Gum Caffeine Free 500ml",
    "productPriceOld": null,
    "productPrice": {
      "value": 1.55,
      "unit": "€/gab"
    },
    "productPricePerUnit": {
      "value": 3.1,
      "unit": "€/l"
    },
    "productPriceWithLoyaltyCard": {
      "value": 0.99,
      "unit": "€"
    },
    "productPricePerUnitWithLoyaltyCard": {
      "value": 1.98,
      "unit": "€/l"
    },
    "imageUrl": "https://rimibaltic-res.cloudinary.com/image/upload/d_ecommerce:backend-fallback.png/MAT_1374120_PCE_LV",
    "available": true,
    "discount": 36
  },
  {
    "shop": "RIMI",
    "categories": [
      1,
      1002,
      10010024
    ],
    "productName": "Gāzēts dabīgais minerālūdens Nabeghlavi 0,5l",
    "productPriceOld": null,
    "productPrice": {
      "value": 0.99,
      "unit": "€/gab"
    },
    "productPricePerUnit": {
      "value": 1.98,
      "unit": "€/l"
    },
    "productPriceWithLoyaltyCard": null,
    "productPricePerUnitWithLoyaltyCard": null,
    "imageUrl": "https://rimibaltic-res.cloudinary.com/image/upload/d_ecommerce:backend-fallback.png/MAT_1371877_PCE_LV",
    "available": true,
    "discount": null
  },
  {
    "shop": "RIMI",
    "categories": [
      1,
      1001,
      1001001
    ],
    "productName": "Alus Bauskas Senču gaišais 4% 0,5l",
    "productPriceOld": null,
    "productPrice": {
      "value": 1.69,
      "unit": "€/gab"
    },
    "productPricePerUnit": {
      "value": 3.38,
      "unit": "€/l"
    },
    "productPriceWithLoyaltyCard": {
      "value": 0.99,
      "unit": "€"
    },
    "productPricePerUnitWithLoyaltyCard": {
      "value": 1.98,
      "unit": "€/l"
    },
    "imageUrl": "https://rimibaltic-res.cloudinary.com/image/upload/d_ecommerce:backend-fallback.png/MAT_1353218_PCE_LV",
    "available": true,
    "discount": 41
  },
  {
    "shop": "RIMI",
    "categories": [
      1,
      1001,
      1001001
    ],
    "productName": "Alus Heineken gaišais bundžā 5% 0,5l",
    "productPriceOld": null,
    "productPrice": {
      "value": 1.75,
      "unit": "€/gab"
    },
    "productPricePerUnit": {
      "value": 3.5,
      "unit": "€/l"
    },
    "productPriceWithLoyaltyCard": {
      "value": 0.99,
      "unit": "€"
    },
    "productPricePerUnitWithLoyaltyCard": {
      "value": 1.98,
      "unit": "€/l"
    },
    "imageUrl": "https://rimibaltic-res.cloudinary.com/image/upload/d_ecommerce:backend-fallback.png/MAT_1351101_PCE_LV",
    "available": true,
    "discount": 43
  },
  {
    "shop": "RIMI",
    "categories": [
      1,
      1001,
      1001001
    ],
    "productName": "Alus Lielvārdes tradicionālais 5% 0,5l",
    "productPriceOld": null,
    "productPrice": {
      "value": 1.89,
      "unit": "€/gab"
    },
    "productPricePerUnit": {
      "value": 3.78,
      "unit": "€/l"
    },
    "productPriceWithLoyaltyCard": {
      "value": 0.99,
      "unit": "€"
    },
    "productPricePerUnitWithLoyaltyCard": {
      "value": 1.98,
      "unit": "€/l"
    },
    "imageUrl": "https://rimibaltic-res.cloudinary.com/image/upload/d_ecommerce:backend-fallback.png/MAT_1368280_PCE_LV",
    "available": true,
    "discount": 48
  },
  {
    "shop": "RIMI",
    "categories": [
      1,
      1001,
      1001001
    ],
    "productName": "Alus Grunberger 5% 0,5l",
    "productPriceOld": null,
    "productPrice": {
      "value": 1.15,
      "unit": "€/gab"
    },
    "productPricePerUnit": {
      "value": 2.3,
      "unit": "€/l"
    },
    "productPriceWithLoyaltyCard": {
      "value": 0.99,
      "unit": "€"
    },
    "productPricePerUnitWithLoyaltyCard": {
      "value": 1.98,
      "unit": "€/l"
    },
    "imageUrl": "https://rimibaltic-res.cloudinary.com/image/upload/d_ecommerce:backend-fallback.png/MAT_1362455_PCE_LV",
    "available": true,
    "discount": 14
  },
  {
    "shop": "RIMI",
    "categories": [
      1,
      1001,
      1001001
    ],
    "productName": "Alus Holsten 4,5% 0,5l",
    "productPriceOld": null,
    "productPrice": {
      "value": 0.99,
      "unit": "€/gab"
    },
    "productPricePerUnit": {
      "value": 1.98,
      "unit": "€/l"
    },
    "productPriceWithLoyaltyCard": null,
    "productPricePerUnitWithLoyaltyCard": null,
    "imageUrl": "https://rimibaltic-res.cloudinary.com/image/upload/d_ecommerce:backend-fallback.png/MAT_1355051_PCE_LV",
    "available": true,
    "discount": null
  },
  {
    "shop": "MAXIMA",
    "categories": [
      1,
      1002,
      10010024
    ],
    "productName": "Avota ūdens LIELBĀTA KIDS negāzēts 500ml D",
    "productPriceOld": null,
    "productPrice": {
      "value": 0.99,
      "unit": "€"
    },
    "productPricePerUnit": {
      "value": 1.98,
      "unit": "€/l"
    },
    "productPriceWithLoyaltyCard": null,
    "productPricePerUnitWithLoyaltyCard": null,
    "imageUrl": "https://cdn.barbora.lv/products/a94cd57e-f9d4-47ff-b504-2f17d563f23e_s.png",
    "available": true,
    "discount": null
  },
  {
    "shop": "MAXIMA",
    "categories": [
      1,
      1002,
      10010024
    ],
    "productName": "Dab.min.ūd. NABEGHLAVI gāz.500ml PET D",
    "productPriceOld": null,
    "productPrice": {
      "value": 0.99,
      "unit": "€"
    },
    "productPricePerUnit": {
      "value": 1.98,
      "unit": "€/l"
    },
    "productPriceWithLoyaltyCard": null,
    "productPricePerUnitWithLoyaltyCard": null,
    "imageUrl": "https://cdn.barbora.lv/products/725169f7-7853-445f-8f2b-b9fec24f7379_s.png",
    "available": true,
    "discount": null
  },
  {
    "shop": "MAXIMA",
    "categories": [
      1,
      1002,
      10010024
    ],
    "productName": "Avota ūdens LIELBĀTA negāzēts 500ml D",
    "productPriceOld": null,
    "productPrice": {
      "value": 0.99,
      "unit": "€"
    },
    "productPricePerUnit": {
      "value": 1.98,
      "unit": "€/l"
    },
    "productPriceWithLoyaltyCard": null,
    "productPricePerUnitWithLoyaltyCard": null,
    "imageUrl": "https://cdn.barbora.lv/products/d965f5ad-27d3-4dfe-a984-43a863b22678_s.png",
    "available": true,
    "discount": null
  },
  {
    "shop": "MAXIMA",
    "categories": [
      1,
      1002,
      10010024
    ],
    "productName": "Avota ūdens LIELBĀTA gāzēts 500ml D",
    "productPriceOld": null,
    "productPrice": {
      "value": 0.99,
      "unit": "€"
    },
    "productPricePerUnit": {
      "value": 1.98,
      "unit": "€/l"
    },
    "productPriceWithLoyaltyCard": null,
    "productPricePerUnitWithLoyaltyCard": null,
    "imageUrl": "https://cdn.barbora.lv/products/2b7b8fee-51c3-4dc3-a315-521800e86307_s.png",
    "available": true,
    "discount": null
  },
  {
    "shop": "MAXIMA",
    "categories": [
      1,
      1002,
      10010023
    ],
    "productName": "Kvass IĻĢUCIEMA Oriģinālais 0,5L PET D",
    "productPriceOld": null,
    "productPrice": {
      "value": 0.99,
      "unit": "€"
    },
    "productPricePerUnit": {
      "value": 1.98,
      "unit": "€/l"
    },
    "productPriceWithLoyaltyCard": null,
    "productPricePerUnitWithLoyaltyCard": null,
    "imageUrl": "https://cdn.barbora.lv/products/5b5f1011-f9ad-44e0-a7f1-9850e02cf82b_s.png",
    "available": true,
    "discount": null
  },
  {
    "shop": "MAXIMA",
    "categories": [
      1,
      1002,
      10010027
    ],
    "productName": "Iesala dzēriens IĻĢUCIEMA Veselības 500ml PET D",
    "productPriceOld": null,
    "productPrice": {
      "value": 0.99,
      "unit": "€"
    },
    "productPricePerUnit": {
      "value": 1.98,
      "unit": "€/l"
    },
    "productPriceWithLoyaltyCard": null,
    "productPricePerUnitWithLoyaltyCard": null,
    "imageUrl": "https://cdn.barbora.lv/products/a71fca25-5260-45d2-8644-a5893e915f5d_s.png",
    "available": true,
    "discount": null
  },
  {
    "shop": "MAXIMA",
    "categories": [
      1,
      1002,
      10010021
    ],
    "productName": "Gāz.dz.MIO&RIO Citronu-laima 0,5L PET D",
    "productPriceOld": null,
    "productPrice": {
      "value": 0.99,
      "unit": "€"
    },
    "productPricePerUnit": {
      "value": 1.98,
      "unit": "€/l"
    },
    "productPriceWithLoyaltyCard": null,
    "productPricePerUnitWithLoyaltyCard": null,
    "imageUrl": "https://cdn.barbora.lv/products/fdacd1ff-1d19-4124-9e98-7dcd301a8dd5_s.png",
    "available": true,
    "discount": null
  },
  {
    "shop": "MAXIMA",
    "categories": [
      1,
      1002,
      10010021
    ],
    "productName": "Gāz.dz.MIO&RIO ar kolas garšu 0,5L PET D",
    "productPriceOld": null,
    "productPrice": {
      "value": 0.99,
      "unit": "€"
    },
    "productPricePerUnit": {
      "value": 1.98,
      "unit": "€/l"
    },
    "productPriceWithLoyaltyCard": null,
    "productPricePerUnitWithLoyaltyCard": null,
    "imageUrl": "https://cdn.barbora.lv/products/6718ccc1-ead4-43e4-861f-a7a3c481b9f0_s.png",
    "available": true,
    "discount": null
  },
  {
    "shop": "MAXIMA",
    "categories": [
      1,
      1002,
      10010021
    ],
    "productName": "Gāzēts dzēr.MIO&RIO Apelsīnu 0,5L PET D",
    "productPriceOld": null,
    "productPrice": {
      "value": 0.99,
      "unit": "€"
    },
    "productPricePerUnit": {
      "value": 1.98,
      "unit": "€/l"
    },
    "productPriceWithLoyaltyCard": null,
    "productPricePerUnitWithLoyaltyCard": null,
    "imageUrl": "https://cdn.barbora.lv/products/e0d0d1a3-35fe-4044-be6e-9bf05263936b_s.png",
    "available": true,
    "discount": null
  },
  {
    "shop": "MAXIMA",
    "categories": [
      1,
      1002,
      10010020
    ],
    "productName": "Sulas dzēr.TYMBARK ābolu ar aloe vera 1L",
    "productPriceOld": null,
    "productPrice": {
      "value": 1.98,
      "unit": "€"
    },
    "productPricePerUnit": {
      "value": 1.98,
      "unit": "€/l"
    },
    "productPriceWithLoyaltyCard": null,
    "productPricePerUnitWithLoyaltyCard": null,
    "imageUrl": "https://cdn.barbora.lv/products/c14deefd-42f3-4cd0-acd0-cd6968985f3d_s.png",
    "available": true,
    "discount": null
  },
  {
    "shop": "MAXIMA",
    "categories": [
      1,
      1002,
      10010022
    ],
    "productName": "Enerģijas dzēriens CULT Bubble Gum 500ml D",
    "productPriceOld": {
      "value": 1.54,
      "unit": "€"
    },
    "productPrice": {
      "value": 0.99,
      "unit": "€"
    },
    "productPricePerUnit": {
      "value": 1.98,
      "unit": "€/l"
    },
    "productPriceWithLoyaltyCard": null,
    "productPricePerUnitWithLoyaltyCard": null,
    "imageUrl": "https://cdn.barbora.lv/products/50695b57-d3cf-4c7f-ba20-85cb73ae564d_s.png",
    "available": true,
    "discount": 36
  },
  {
    "shop": "MAXIMA",
    "categories": [
      1,
      1002,
      10010022
    ],
    "productName": "Enerģijas dzēriens CULT Watermelon Dreams 500ml D",
    "productPriceOld": {
      "value": 1.54,
      "unit": "€"
    },
    "productPrice": {
      "value": 0.99,
      "unit": "€"
    },
    "productPricePerUnit": {
      "value": 1.98,
      "unit": "€/l"
    },
    "productPriceWithLoyaltyCard": null,
    "productPricePerUnitWithLoyaltyCard": null,
    "imageUrl": "https://cdn.barbora.lv/products/d36f89bd-4f71-442a-9ecf-df272f091be5_s.png",
    "available": true,
    "discount": 36
  },
  {
    "shop": "MAXIMA",
    "categories": [
      1,
      1001,
      1001001
    ],
    "productName": "Alus BAUSKAS SENČU gaišais 4% 0,5L D",
    "productPriceOld": {
      "value": 1.63,
      "unit": "€"
    },
    "productPrice": {
      "value": 1.63,
      "unit": "€"
    },
    "productPricePerUnit": {
      "value": 3.26,
      "unit": "€/l"
    },
    "productPriceWithLoyaltyCard": {
      "value": 0.99,
      "unit": "€"
    },
    "productPricePerUnitWithLoyaltyCard": {
      "value": 1.98,
      "unit": "€/l"
    },
    "imageUrl": "https://cdn.barbora.lv/products/ee97fa09-2d61-47ca-bc1e-acb62ef27d66_s.png",
    "available": true,
    "discount": 39
  },
  {
    "shop": "MAXIMA",
    "categories": [
      1,
      1001,
      1001001
    ],
    "productName": "Alus MEŽPILS Tradicionālais 5% 0,5L sk.D",
    "productPriceOld": {
      "value": 1.11,
      "unit": "€"
    },
    "productPrice": {
      "value": 1.11,
      "unit": "€"
    },
    "productPricePerUnit": {
      "value": 2.22,
      "unit": "€/l"
    },
    "productPriceWithLoyaltyCard": {
      "value": 0.99,
      "unit": "€"
    },
    "productPricePerUnitWithLoyaltyCard": {
      "value": 1.98,
      "unit": "€/l"
    },
    "imageUrl": "https://cdn.barbora.lv/products/7b37c10b-cd5e-4076-85df-9492e2ac7278_s.png",
    "available": true,
    "discount": 11
  },
  {
    "shop": "MAXIMA",
    "categories": [
      2,
      2001,
      2001004
    ],
    "productName": "Rudzu maize Melnā Latvijā cepts 600g",
    "productPriceOld": {
      "value": 1.59,
      "unit": "€"
    },
    "productPrice": {
      "value": 1.19,
      "unit": "€"
    },
    "productPricePerUnit": {
      "value": 1.98,
      "unit": "€/kg"
    },
    "productPriceWithLoyaltyCard": null,
    "productPricePerUnitWithLoyaltyCard": null,
    "imageUrl": "https://cdn.barbora.lv/products/b9c1f175-bcfb-4d13-82d7-6670c5fbe8dc_s.png",
    "available": true,
    "discount": 25
  },
  {
    "shop": "CITRO",
    "categories": [
      1,
      1001,
      1001001
    ],
    "productName": "ALUS CĒSU SENČU ORIGIN. 4.6% 0.5L STIKLS",
    "productPriceOld": null,
    "productPrice": null,
    "productPricePerUnit": {
      "value": 1.98,
      "unit": "€/L"
    },
    "productPriceWithLoyaltyCard": null,
    "productPricePerUnitWithLoyaltyCard": null,
    "imageUrl": "https://rezekne.citro.lv/wp-content/uploads/2024/07/4750142007172-300x300.jpg",
    "available": true,
    "discount": null
  },
  {
    "shop": "CITRO",
    "categories": [
      1,
      1002,
      10010021
    ],
    "productName": "DZĒRIENS GĀZ. COCA-COLA 0.5L PET",
    "productPriceOld": {
      "value": 1.25,
      "unit": "€"
    },
    "productPrice": {
      "value": 0.99,
      "unit": "€"
    },
    "productPricePerUnit": {
      "value": 1.98,
      "unit": "€/L"
    },
    "productPriceWithLoyaltyCard": null,
    "productPricePerUnitWithLoyaltyCard": null,
    "imageUrl": "https://rezekne.citro.lv/wp-content/uploads/2022/04/5000112651317-300x300.jpg",
    "available": true,
    "discount": 21
  },
  {
    "shop": "CITRO",
    "categories": [
      2,
      2001,
      2001002
    ],
    "productName": "BALTMAIZE RUDENS 500G",
    "productPriceOld": {
      "value": 1.15,
      "unit": "€"
    },
    "productPrice": {
      "value": 0.99,
      "unit": "€"
    },
    "productPricePerUnit": {
      "value": 1.98,
      "unit": "€/KG"
    },
    "productPriceWithLoyaltyCard": null,
    "productPricePerUnitWithLoyaltyCard": null,
    "imageUrl": "https://rezekne.citro.lv/wp-content/uploads/2024/06/4750192732567-300x300.jpg",
    "available": true,
    "discount": 14
  },
  {
    "shop": "RIMI",
    "categories": [
      2,
      2001,
      2001004
    ],
    "productName": "Gaišo rudzu saldskābm. Latvijas Zeltene 800g",
    "productPriceOld": {
      "value": 1.89,
      "unit": "€"
    },
    "productPrice": {
      "value": 1.59,
      "unit": "€/gab"
    },
    "productPricePerUnit": {
      "value": 1.99,
      "unit": "€/kg"
    },
    "productPriceWithLoyaltyCard": null,
    "productPricePerUnitWithLoyaltyCard": null,
    "imageUrl": "https://rimibaltic-res.cloudinary.com/image/upload/d_ecommerce:backend-fallback.png/MAT_968584_PCE_LV",
    "available": true,
    "discount": 16
  },
  {
    "shop": "RIMI",
    "categories": [
      1,
      1002,
      10010027
    ],
    "productName": "Sporta dzēriens Mangaļi Active Fitness 0,75l",
    "productPriceOld": null,
    "productPrice": {
      "value": 1.49,
      "unit": "€/gab"
    },
    "productPricePerUnit": {
      "value": 1.99,
      "unit": "€/l"
    },
    "productPriceWithLoyaltyCard": null,
    "productPricePerUnitWithLoyaltyCard": null,
    "imageUrl": "https://rimibaltic-res.cloudinary.com/image/upload/d_ecommerce:backend-fallback.png/MAT_1361759_PCE_LV",
    "available": true,
    "discount": null
  },
  {
    "shop": "RIMI",
    "categories": [
      1,
      1002,
      10010027
    ],
    "productName": "Sporta dzēriens Mangaļi Multisport 0,75l",
    "productPriceOld": null,
    "productPrice": {
      "value": 1.49,
      "unit": "€/gab"
    },
    "productPricePerUnit": {
      "value": 1.99,
      "unit": "€/l"
    },
    "productPriceWithLoyaltyCard": null,
    "productPricePerUnitWithLoyaltyCard": null,
    "imageUrl": "https://rimibaltic-res.cloudinary.com/image/upload/d_ecommerce:backend-fallback.png/MAT_1363617_PCE_LV",
    "available": true,
    "discount": null
  },
  {
    "shop": "RIMI",
    "categories": [
      1,
      1002,
      10010027
    ],
    "productName": "Sporta dzēriens Vitamin Perform. Detox 0,75l",
    "productPriceOld": null,
    "productPrice": {
      "value": 1.49,
      "unit": "€/gab"
    },
    "productPricePerUnit": {
      "value": 1.99,
      "unit": "€/l"
    },
    "productPriceWithLoyaltyCard": null,
    "productPricePerUnitWithLoyaltyCard": null,
    "imageUrl": "https://rimibaltic-res.cloudinary.com/image/upload/d_ecommerce:backend-fallback.png/MAT_1364499_PCE_LV",
    "available": true,
    "discount": null
  },
  {
    "shop": "RIMI",
    "categories": [
      1,
      1002,
      10010027
    ],
    "productName": "Dzēriens Vitamin Perfomance Power 0,75l",
    "productPriceOld": null,
    "productPrice": {
      "value": 1.49,
      "unit": "€/gab"
    },
    "productPricePerUnit": {
      "value": 1.99,
      "unit": "€/l"
    },
    "productPriceWithLoyaltyCard": null,
    "productPricePerUnitWithLoyaltyCard": null,
    "imageUrl": "https://rimibaltic-res.cloudinary.com/image/upload/d_ecommerce:backend-fallback.png/MAT_1357101_PCE_LV",
    "available": true,
    "discount": null
  },
  {
    "shop": "RIMI",
    "categories": [
      1,
      1002,
      10010027
    ],
    "productName": "Ķīselis Elmenhorster ar dzērveņu garšu 1l",
    "productPriceOld": null,
    "productPrice": {
      "value": 1.99,
      "unit": "€/gab"
    },
    "productPricePerUnit": {
      "value": 1.99,
      "unit": "€/l"
    },
    "productPriceWithLoyaltyCard": null,
    "productPricePerUnitWithLoyaltyCard": null,
    "imageUrl": "https://rimibaltic-res.cloudinary.com/image/upload/d_ecommerce:backend-fallback.png/MAT_1010955_PCE_LV",
    "available": true,
    "discount": null
  },
  {
    "shop": "RIMI",
    "categories": [
      1,
      1002,
      10010027
    ],
    "productName": "Ķīselis Elmenhorster ar ķiršu garšu 1l",
    "productPriceOld": null,
    "productPrice": {
      "value": 1.99,
      "unit": "€/gab"
    },
    "productPricePerUnit": {
      "value": 1.99,
      "unit": "€/l"
    },
    "productPriceWithLoyaltyCard": null,
    "productPricePerUnitWithLoyaltyCard": null,
    "imageUrl": "https://rimibaltic-res.cloudinary.com/image/upload/d_ecommerce:backend-fallback.png/MAT_1010967_PCE_LV",
    "available": true,
    "discount": null
  },
  {
    "shop": "RIMI",
    "categories": [
      1,
      1002,
      10010021
    ],
    "productName": "Dzēriens Vitamin Performance Isotonic 0,75l",
    "productPriceOld": null,
    "productPrice": {
      "value": 1.49,
      "unit": "€/gab"
    },
    "productPricePerUnit": {
      "value": 1.99,
      "unit": "€/l"
    },
    "productPriceWithLoyaltyCard": null,
    "productPricePerUnitWithLoyaltyCard": null,
    "imageUrl": "https://rimibaltic-res.cloudinary.com/image/upload/d_ecommerce:backend-fallback.png/MAT_1372033_PCE_LV",
    "available": true,
    "discount": null
  },
  {
    "shop": "RIMI",
    "categories": [
      1,
      1002,
      10010020
    ],
    "productName": "Sulas dzēriens Tymbark apelsīnu, persiku 1l",
    "productPriceOld": null,
    "productPrice": {
      "value": 1.99,
      "unit": "€/gab"
    },
    "productPricePerUnit": {
      "value": 1.99,
      "unit": "€/l"
    },
    "productPriceWithLoyaltyCard": null,
    "productPricePerUnitWithLoyaltyCard": null,
    "imageUrl": "https://rimibaltic-res.cloudinary.com/image/upload/d_ecommerce:backend-fallback.png/MAT_149749_PCE_LV",
    "available": true,
    "discount": null
  },
  {
    "shop": "RIMI",
    "categories": [
      1,
      1002,
      10010026
    ],
    "productName": "Ledus tēja Pfanner ar arbūza garšu 0,75l",
    "productPriceOld": null,
    "productPrice": {
      "value": 1.49,
      "unit": "€/gab"
    },
    "productPricePerUnit": {
      "value": 1.99,
      "unit": "€/l"
    },
    "productPriceWithLoyaltyCard": null,
    "productPricePerUnitWithLoyaltyCard": null,
    "imageUrl": "https://rimibaltic-res.cloudinary.com/image/upload/d_ecommerce:backend-fallback.png/MAT_1014611_PCE_LV",
    "available": true,
    "discount": null
  },
  {
    "shop": "RIMI",
    "categories": [
      1,
      1002,
      10010026
    ],
    "productName": "Ledus tēja Pfanner ar persiku g. 0,75l",
    "productPriceOld": null,
    "productPrice": {
      "value": 1.49,
      "unit": "€/gab"
    },
    "productPricePerUnit": {
      "value": 1.99,
      "unit": "€/l"
    },
    "productPriceWithLoyaltyCard": null,
    "productPricePerUnitWithLoyaltyCard": null,
    "imageUrl": "https://rimibaltic-res.cloudinary.com/image/upload/d_ecommerce:backend-fallback.png/MAT_1014620_PCE_LV",
    "available": true,
    "discount": null
  },
  {
    "shop": "RIMI",
    "categories": [
      1,
      1002,
      10010020
    ],
    "productName": "Sulas dzēr. Tymbark dzērveņu-ābolu-aroniju 1l",
    "productPriceOld": null,
    "productPrice": {
      "value": 1.99,
      "unit": "€/gab"
    },
    "productPricePerUnit": {
      "value": 1.99,
      "unit": "€/l"
    },
    "productPriceWithLoyaltyCard": null,
    "productPricePerUnitWithLoyaltyCard": null,
    "imageUrl": "https://rimibaltic-res.cloudinary.com/image/upload/d_ecommerce:backend-fallback.png/MAT_133090_PCE_LV",
    "available": true,
    "discount": null
  },
  {
    "shop": "RIMI",
    "categories": [
      1,
      1002,
      10010020
    ],
    "productName": "Sulas dzēr. granātābolu-greipfrūtu-ābolu 1l",
    "productPriceOld": null,
    "productPrice": {
      "value": 1.99,
      "unit": "€/gab"
    },
    "productPricePerUnit": {
      "value": 1.99,
      "unit": "€/l"
    },
    "productPriceWithLoyaltyCard": null,
    "productPricePerUnitWithLoyaltyCard": null,
    "imageUrl": "https://rimibaltic-res.cloudinary.com/image/upload/d_ecommerce:backend-fallback.png/MAT_147390_PCE_LV",
    "available": true,
    "discount": null
  },
  {
    "shop": "RIMI",
    "categories": [
      1,
      1001,
      1001001
    ],
    "productName": "Alus Rīgas Brūveris nefiltrēts 4,5% 1l",
    "productPriceOld": {
      "value": 2.29,
      "unit": "€"
    },
    "productPrice": {
      "value": 1.99,
      "unit": "€/gab"
    },
    "productPricePerUnit": {
      "value": 1.99,
      "unit": "€/l"
    },
    "productPriceWithLoyaltyCard": null,
    "productPricePerUnitWithLoyaltyCard": null,
    "imageUrl": "https://rimibaltic-res.cloudinary.com/image/upload/d_ecommerce:backend-fallback.png/MAT_1367869_PCE_LV",
    "available": true,
    "discount": 13
  },
  {
    "shop": "RIMI",
    "categories": [
      1,
      1001,
      1001001
    ],
    "productName": "Alus Bocmanis Dzintarjūras 5,8% 1l",
    "productPriceOld": null,
    "productPrice": {
      "value": 1.99,
      "unit": "€/gab"
    },
    "productPricePerUnit": {
      "value": 1.99,
      "unit": "€/l"
    },
    "productPriceWithLoyaltyCard": null,
    "productPricePerUnitWithLoyaltyCard": null,
    "imageUrl": "https://rimibaltic-res.cloudinary.com/image/upload/d_ecommerce:backend-fallback.png/MAT_1374260_PCE_LV",
    "available": true,
    "discount": null
  },
  {
    "shop": "RIMI",
    "categories": [
      1,
      1001,
      1001001
    ],
    "productName": "Alus Latvijas Sevišķi stiprais 5,8% 1l",
    "productPriceOld": null,
    "productPrice": {
      "value": 1.99,
      "unit": "€/gab"
    },
    "productPricePerUnit": {
      "value": 1.99,
      "unit": "€/l"
    },
    "productPriceWithLoyaltyCard": null,
    "productPricePerUnitWithLoyaltyCard": null,
    "imageUrl": "https://rimibaltic-res.cloudinary.com/image/upload/d_ecommerce:backend-fallback.png/MAT_1374333_PCE_LV",
    "available": true,
    "discount": null
  },
  {
    "shop": "MAXIMA",
    "categories": [
      1,
      1002,
      10010020
    ],
    "productName": "Sula CIDO ābolu 100% 1L",
    "productPriceOld": null,
    "productPrice": {
      "value": 1.99,
      "unit": "€"
    },
    "productPricePerUnit": {
      "value": 1.99,
      "unit": "€/l"
    },
    "productPriceWithLoyaltyCard": null,
    "productPricePerUnitWithLoyaltyCard": null,
    "imageUrl": "https://cdn.barbora.lv/products/9eeafec7-551f-46a7-924e-2d03d7377f1e_s.png",
    "available": true,
    "discount": null
  },
  {
    "shop": "MAXIMA",
    "categories": [
      1,
      1002,
      10010020
    ],
    "productName": "Nektārs CIDO vīnogu 1L",
    "productPriceOld": null,
    "productPrice": {
      "value": 1.99,
      "unit": "€"
    },
    "productPricePerUnit": {
      "value": 1.99,
      "unit": "€/l"
    },
    "productPriceWithLoyaltyCard": null,
    "productPricePerUnitWithLoyaltyCard": null,
    "imageUrl": "https://cdn.barbora.lv/products/1313b1b6-b15e-4bcd-b4c6-c27dc5fcbedb_s.png",
    "available": true,
    "discount": null
  },
  {
    "shop": "MAXIMA",
    "categories": [
      2,
      2001,
      20010014
    ],
    "productName": "Sula CIDO dārzeņu 100% 1L",
    "productPriceOld": null,
    "productPrice": {
      "value": 1.99,
      "unit": "€"
    },
    "productPricePerUnit": {
      "value": 1.99,
      "unit": "€/l"
    },
    "productPriceWithLoyaltyCard": null,
    "productPricePerUnitWithLoyaltyCard": null,
    "imageUrl": "https://cdn.barbora.lv/products/c79fcb45-9d05-485d-a9ef-1451da9e3fd0_s.png",
    "available": true,
    "discount": null
  },
  {
    "shop": "MAXIMA",
    "categories": [
      1,
      1002,
      10010020
    ],
    "productName": "Nektārs CIDO persiku 1L",
    "productPriceOld": null,
    "productPrice": {
      "value": 1.99,
      "unit": "€"
    },
    "productPricePerUnit": {
      "value": 1.99,
      "unit": "€/l"
    },
    "productPriceWithLoyaltyCard": null,
    "productPricePerUnitWithLoyaltyCard": null,
    "imageUrl": "https://cdn.barbora.lv/products/1bdfdf87-02b6-4c54-937e-fcee2d97592e_s.png",
    "available": true,
    "discount": null
  },
  {
    "shop": "MAXIMA",
    "categories": [
      1,
      1002,
      10010020
    ],
    "productName": "Nektārs CIDO ananasu 1L",
    "productPriceOld": null,
    "productPrice": {
      "value": 1.99,
      "unit": "€"
    },
    "productPricePerUnit": {
      "value": 1.99,
      "unit": "€/l"
    },
    "productPriceWithLoyaltyCard": null,
    "productPricePerUnitWithLoyaltyCard": null,
    "imageUrl": "https://cdn.barbora.lv/products/259ba10e-1fec-44d5-aa42-348d3262ff03_s.png",
    "available": true,
    "discount": null
  },
  {
    "shop": "MAXIMA",
    "categories": [
      1,
      1002,
      10010020
    ],
    "productName": "Sulas dzēriens CIDO multiaugļu mix 1L",
    "productPriceOld": null,
    "productPrice": {
      "value": 1.99,
      "unit": "€"
    },
    "productPricePerUnit": {
      "value": 1.99,
      "unit": "€/l"
    },
    "productPriceWithLoyaltyCard": null,
    "productPricePerUnitWithLoyaltyCard": null,
    "imageUrl": "https://cdn.barbora.lv/products/d83d4fac-b941-4232-9589-812dbb96a38f_s.png",
    "available": true,
    "discount": null
  },
  {
    "shop": "MAXIMA",
    "categories": [
      1,
      1002,
      10010020
    ],
    "productName": "Sula GUTTA tomātu 1L",
    "productPriceOld": null,
    "productPrice": {
      "value": 1.99,
      "unit": "€"
    },
    "productPricePerUnit": {
      "value": 1.99,
      "unit": "€/l"
    },
    "productPriceWithLoyaltyCard": null,
    "productPricePerUnitWithLoyaltyCard": null,
    "imageUrl": "https://cdn.barbora.lv/products/e23e2282-af1f-43c2-bf9c-2708b35b3b5e_s.png",
    "available": true,
    "discount": null
  },
  {
    "shop": "MAXIMA",
    "categories": [
      1,
      1002,
      10010021
    ],
    "productName": "Negāzēts dzēriens VITAMIN PERFORMANCE DETOX 0,75L D",
    "productPriceOld": null,
    "productPrice": {
      "value": 1.49,
      "unit": "€"
    },
    "productPricePerUnit": {
      "value": 1.99,
      "unit": "€/l"
    },
    "productPriceWithLoyaltyCard": null,
    "productPricePerUnitWithLoyaltyCard": null,
    "imageUrl": "https://cdn.barbora.lv/products/3dc9ed87-40fb-4b9d-91c5-d58141d58dee_s.png",
    "available": true,
    "discount": null
  },
  {
    "shop": "MAXIMA",
    "categories": [
      1,
      1002,
      10010021
    ],
    "productName": "Neg.dzēr.MANGAĻI ACTIVE ISOTONIC 0,75L D",
    "productPriceOld": null,
    "productPrice": {
      "value": 1.49,
      "unit": "€"
    },
    "productPricePerUnit": {
      "value": 1.99,
      "unit": "€/l"
    },
    "productPriceWithLoyaltyCard": null,
    "productPricePerUnitWithLoyaltyCard": null,
    "imageUrl": "https://cdn.barbora.lv/products/8e8478a3-705b-4176-8d15-31f6b7e8cd13_s.png",
    "available": true,
    "discount": null
  },
  {
    "shop": "MAXIMA",
    "categories": [
      1,
      1002,
      10010027
    ],
    "productName": "Neg.dz.VITAMIN PERFORMANCE POWER 0,75L D",
    "productPriceOld": null,
    "productPrice": {
      "value": 1.49,
      "unit": "€"
    },
    "productPricePerUnit": {
      "value": 1.99,
      "unit": "€/l"
    },
    "productPriceWithLoyaltyCard": null,
    "productPricePerUnitWithLoyaltyCard": null,
    "imageUrl": "https://cdn.barbora.lv/products/9988dab2-466f-413e-ad44-13078e6a7744_s.png",
    "available": true,
    "discount": null
  },
  {
    "shop": "MAXIMA",
    "categories": [
      1,
      1002,
      10010021
    ],
    "productName": "Negāzēts dzēriens MANGAĻI ACTIVE FITNESS 0,75L D",
    "productPriceOld": null,
    "productPrice": {
      "value": 1.49,
      "unit": "€"
    },
    "productPricePerUnit": {
      "value": 1.99,
      "unit": "€/l"
    },
    "productPriceWithLoyaltyCard": null,
    "productPricePerUnitWithLoyaltyCard": null,
    "imageUrl": "https://cdn.barbora.lv/products/e2e632ac-4989-44ea-ba09-e53c758f3755_s.png",
    "available": true,
    "discount": null
  },
  {
    "shop": "MAXIMA",
    "categories": [
      1,
      1002,
      10010021
    ],
    "productName": "Neg.dz.VITAMIN PERF.Isotonic 750ml PET D",
    "productPriceOld": null,
    "productPrice": {
      "value": 1.49,
      "unit": "€"
    },
    "productPricePerUnit": {
      "value": 1.99,
      "unit": "€/l"
    },
    "productPriceWithLoyaltyCard": null,
    "productPricePerUnitWithLoyaltyCard": null,
    "imageUrl": "https://cdn.barbora.lv/products/f21fdcc6-6714-4bf9-a58e-ff124019b592_s.png",
    "available": true,
    "discount": null
  },
  {
    "shop": "MAXIMA",
    "categories": [
      1,
      1002,
      10010021
    ],
    "productName": "Negāzēts dzēriens MANGAĻI ACTIVE MULTISPORT 0,75L D",
    "productPriceOld": null,
    "productPrice": {
      "value": 1.49,
      "unit": "€"
    },
    "productPricePerUnit": {
      "value": 1.99,
      "unit": "€/l"
    },
    "productPriceWithLoyaltyCard": null,
    "productPricePerUnitWithLoyaltyCard": null,
    "imageUrl": "https://cdn.barbora.lv/products/1aa07b05-a4ce-41c2-8e85-2c61ec5b1f09_s.png",
    "available": true,
    "discount": null
  },
  {
    "shop": "MAXIMA",
    "categories": [
      2,
      2001,
      20010011
    ],
    "productName": "Sēklu maize KURŠU 800g",
    "productPriceOld": {
      "value": 1.99,
      "unit": "€"
    },
    "productPrice": {
      "value": 1.59,
      "unit": "€"
    },
    "productPricePerUnit": {
      "value": 1.99,
      "unit": "€/kg"
    },
    "productPriceWithLoyaltyCard": null,
    "productPricePerUnitWithLoyaltyCard": null,
    "imageUrl": "https://cdn.barbora.lv/products/2f21f592-9d6c-4821-95ca-b200006966f1_s.png",
    "available": true,
    "discount": 20
  },
  {
    "shop": "CITRO",
    "categories": [
      1,
      1001,
      1001001
    ],
    "productName": "ALUS KOKT. ZELTA C!DER BLACKCURRANT 4.5% 1L PET",
    "productPriceOld": {
      "value": 2.69,
      "unit": "€"
    },
    "productPrice": {
      "value": 1.99,
      "unit": "€"
    },
    "productPricePerUnit": {
      "value": 1.99,
      "unit": "€/L"
    },
    "productPriceWithLoyaltyCard": null,
    "productPricePerUnitWithLoyaltyCard": null,
    "imageUrl": "https://rezekne.citro.lv/wp-content/uploads/2022/03/4750049002416-300x300.jpg",
    "available": true,
    "discount": 26
  },
  {
    "shop": "CITRO",
    "categories": [
      1,
      1001,
      1001001
    ],
    "productName": "ALUS ALDARIS APINĪTIS PILZENES 4.2% 1L PET",
    "productPriceOld": null,
    "productPrice": null,
    "productPricePerUnit": {
      "value": 1.99,
      "unit": "€/L"
    },
    "productPriceWithLoyaltyCard": null,
    "productPricePerUnitWithLoyaltyCard": null,
    "imageUrl": "https://rezekne.citro.lv/wp-content/uploads/2022/03/4750049002591-300x300.jpg",
    "available": true,
    "discount": null
  },
  {
    "shop": "CITRO",
    "categories": [
      1,
      1001,
      1001001
    ],
    "productName": "ALUS KOKT. ZELTA CIDER STRAWBERRY, BLUEBERRY 4.5% 1L",
    "productPriceOld": {
      "value": 2.55,
      "unit": "€"
    },
    "productPrice": {
      "value": 1.99,
      "unit": "€"
    },
    "productPricePerUnit": {
      "value": 1.99,
      "unit": "€/L"
    },
    "productPriceWithLoyaltyCard": null,
    "productPricePerUnitWithLoyaltyCard": null,
    "imageUrl": "https://rezekne.citro.lv/wp-content/uploads/2022/03/4750049002386-300x300.jpg",
    "available": true,
    "discount": 22
  },
  {
    "shop": "CITRO",
    "categories": [
      1,
      1001,
      1001001
    ],
    "productName": "ALUS CĒSU MIEZĪTIS STIPRAIS 5.8% 1L PET",
    "productPriceOld": null,
    "productPrice": null,
    "productPricePerUnit": {
      "value": 1.99,
      "unit": "€/L"
    },
    "productPriceWithLoyaltyCard": null,
    "productPricePerUnitWithLoyaltyCard": null,
    "imageUrl": "https://rezekne.citro.lv/wp-content/uploads/2022/02/4750142005659-300x300.jpeg",
    "available": true,
    "discount": null
  },
  {
    "shop": "CITRO",
    "categories": [
      1,
      1002,
      10010021
    ],
    "productName": "LIMONĀDE BAIKĀLS CHERNOGOLOVKA 1L PET",
    "productPriceOld": null,
    "productPrice": null,
    "productPricePerUnit": {
      "value": 1.99,
      "unit": "€/L"
    },
    "productPriceWithLoyaltyCard": null,
    "productPricePerUnitWithLoyaltyCard": null,
    "imageUrl": "https://rezekne.citro.lv/wp-content/uploads/2023/08/4780049961017-300x300.jpg",
    "available": true,
    "discount": null
  },
  {
    "shop": "CITRO",
    "categories": [
      1,
      1002,
      10010021
    ],
    "productName": "LIMONĀDE BURATĪNO CHERNOGOLOVKA 1L PET",
    "productPriceOld": null,
    "productPrice": null,
    "productPricePerUnit": {
      "value": 1.99,
      "unit": "€/L"
    },
    "productPriceWithLoyaltyCard": null,
    "productPricePerUnitWithLoyaltyCard": null,
    "imageUrl": "https://rezekne.citro.lv/wp-content/uploads/2022/12/4780049961000-300x300.jpg",
    "available": true,
    "discount": null
  },
  {
    "shop": "CITRO",
    "categories": [
      1,
      1002,
      10010021
    ],
    "productName": "LIMONĀDE TARHŪNS CHERNOGOLOVKA 1L PET",
    "productPriceOld": null,
    "productPrice": null,
    "productPricePerUnit": {
      "value": 1.99,
      "unit": "€/L"
    },
    "productPriceWithLoyaltyCard": null,
    "productPricePerUnitWithLoyaltyCard": null,
    "imageUrl": "https://rezekne.citro.lv/wp-content/uploads/2022/12/4780049960997-300x300.jpg",
    "available": true,
    "discount": null
  },
  {
    "shop": "CITRO",
    "categories": [
      2,
      2001,
      2001004,
      2001001
    ],
    "productName": "MAIZE PILNGRAUDU RUDZU KURŠU 800G",
    "productPriceOld": {
      "value": 2.09,
      "unit": "€"
    },
    "productPrice": {
      "value": 1.59,
      "unit": "€"
    },
    "productPricePerUnit": {
      "value": 1.99,
      "unit": "€/KG"
    },
    "productPriceWithLoyaltyCard": null,
    "productPricePerUnitWithLoyaltyCard": null,
    "imageUrl": "https://rezekne.citro.lv/wp-content/uploads/2024/03/4750038410918-300x300.jpg",
    "available": true,
    "discount": 24
  },
  {
    "shop": "RIMI",
    "categories": [
      1,
      1002,
      10010020
    ],
    "productName": "Dzēriens Pfanner sarkano apelsīnu 2l",
    "productPriceOld": null,
    "productPrice": {
      "value": 3.99,
      "unit": "€/gab"
    },
    "productPricePerUnit": {
      "value": 2,
      "unit": "€/l"
    },
    "productPriceWithLoyaltyCard": null,
    "productPricePerUnitWithLoyaltyCard": null,
    "imageUrl": "https://rimibaltic-res.cloudinary.com/image/upload/d_ecommerce:backend-fallback.png/MAT_115127_PCE_LV",
    "available": true,
    "discount": null
  },
  {
    "shop": "RIMI",
    "categories": [
      1,
      1002,
      10010020
    ],
    "productName": "Dzēriens Pfanner vitamīnu 2L",
    "productPriceOld": null,
    "productPrice": {
      "value": 3.99,
      "unit": "€/gab"
    },
    "productPricePerUnit": {
      "value": 2,
      "unit": "€/l"
    },
    "productPriceWithLoyaltyCard": null,
    "productPricePerUnitWithLoyaltyCard": null,
    "imageUrl": "https://rimibaltic-res.cloudinary.com/image/upload/d_ecommerce:backend-fallback.png/MAT_1009113_PCE_LV",
    "available": true,
    "discount": null
  },
  {
    "shop": "RIMI",
    "categories": [
      1,
      1002,
      10010020
    ],
    "productName": "Dzēriens Pfanner Rīta deva 2L",
    "productPriceOld": null,
    "productPrice": {
      "value": 3.99,
      "unit": "€/gab"
    },
    "productPricePerUnit": {
      "value": 2,
      "unit": "€/l"
    },
    "productPriceWithLoyaltyCard": null,
    "productPricePerUnitWithLoyaltyCard": null,
    "imageUrl": "https://rimibaltic-res.cloudinary.com/image/upload/d_ecommerce:backend-fallback.png/MAT_1009114_PCE_LV",
    "available": true,
    "discount": null
  },
  {
    "shop": "MAXIMA",
    "categories": [
      1,
      1002,
      10010020
    ],
    "productName": "Sulas dzēriens CAPRI SUN Jungle augļu 10x0,2L",
    "productPriceOld": {
      "value": 5.06,
      "unit": "€"
    },
    "productPrice": {
      "value": 5.06,
      "unit": "€"
    },
    "productPricePerUnit": {
      "value": 2.53,
      "unit": "€/l"
    },
    "productPriceWithLoyaltyCard": {
      "value": 3.99,
      "unit": "€"
    },
    "productPricePerUnitWithLoyaltyCard": {
      "value": 2,
      "unit": "€/l"
    },
    "imageUrl": "https://cdn.barbora.lv/products/248f19ba-1e6b-473d-a47f-d672b67527d9_s.png",
    "available": true,
    "discount": 21
  },
  {
    "shop": "MAXIMA",
    "categories": [
      1,
      1002,
      10010020
    ],
    "productName": "Sulas dzēriens CAPRI SUN Multivitamin 10x0,2L",
    "productPriceOld": {
      "value": 5.06,
      "unit": "€"
    },
    "productPrice": {
      "value": 5.06,
      "unit": "€"
    },
    "productPricePerUnit": {
      "value": 2.53,
      "unit": "€/l"
    },
    "productPriceWithLoyaltyCard": {
      "value": 3.99,
      "unit": "€"
    },
    "productPricePerUnitWithLoyaltyCard": {
      "value": 2,
      "unit": "€/l"
    },
    "imageUrl": "https://cdn.barbora.lv/products/568bbfa1-2e98-487f-adb1-12fcae3beefb_s.png",
    "available": true,
    "discount": 21
  },
  {
    "shop": "MAXIMA",
    "categories": [
      1,
      1002,
      10010020
    ],
    "productName": "Sulas dzēriens CAPRI SUN Monster augļu 10x0,2L",
    "productPriceOld": {
      "value": 5.06,
      "unit": "€"
    },
    "productPrice": {
      "value": 5.06,
      "unit": "€"
    },
    "productPricePerUnit": {
      "value": 2.53,
      "unit": "€/l"
    },
    "productPriceWithLoyaltyCard": {
      "value": 3.99,
      "unit": "€"
    },
    "productPricePerUnitWithLoyaltyCard": {
      "value": 2,
      "unit": "€/l"
    },
    "imageUrl": "https://cdn.barbora.lv/products/6113df92-e68a-4ab1-82ae-d8ebb6e97890_s.png",
    "available": true,
    "discount": 21
  },
  {
    "shop": "MAXIMA",
    "categories": [
      1,
      1002,
      10010020
    ],
    "productName": "Sulas dzēriens CAPRI SUN Mystic augļu 10x0,2L",
    "productPriceOld": {
      "value": 5.06,
      "unit": "€"
    },
    "productPrice": {
      "value": 5.06,
      "unit": "€"
    },
    "productPricePerUnit": {
      "value": 2.53,
      "unit": "€/l"
    },
    "productPriceWithLoyaltyCard": {
      "value": 3.99,
      "unit": "€"
    },
    "productPricePerUnitWithLoyaltyCard": {
      "value": 2,
      "unit": "€/l"
    },
    "imageUrl": "https://cdn.barbora.lv/products/82ff802b-19bf-4712-97cb-93667d9ff8fc_s.png",
    "available": true,
    "discount": 21
  },
  {
    "shop": "MAXIMA",
    "categories": [
      1,
      1002,
      10010020
    ],
    "productName": "Nektārs ELMENHORSTER apelsīnu 50% 2L",
    "productPriceOld": null,
    "productPrice": {
      "value": 3.99,
      "unit": "€"
    },
    "productPricePerUnit": {
      "value": 2,
      "unit": "€/l"
    },
    "productPriceWithLoyaltyCard": null,
    "productPricePerUnitWithLoyaltyCard": null,
    "imageUrl": "https://cdn.barbora.lv/products/ebf8c08a-c4b4-468e-b2a8-20f0b1d0594d_s.png",
    "available": true,
    "discount": null
  },
  {
    "shop": "MAXIMA",
    "categories": [
      1,
      1002,
      10010020
    ],
    "productName": "Sulas dzēr. TYMBARK sarkano apelsīnu 2L",
    "productPriceOld": null,
    "productPrice": {
      "value": 3.99,
      "unit": "€"
    },
    "productPricePerUnit": {
      "value": 2,
      "unit": "€/l"
    },
    "productPriceWithLoyaltyCard": null,
    "productPricePerUnitWithLoyaltyCard": null,
    "imageUrl": "https://cdn.barbora.lv/products/6af91fa2-1841-44b4-9be3-e5c87d02e384_s.png",
    "available": true,
    "discount": null
  },
  {
    "shop": "MAXIMA",
    "categories": [
      1,
      1001,
      1001001
    ],
    "productName": "Alus AMBER CITY Kviešu 4,5% 500ml sk.D",
    "productPriceOld": null,
    "productPrice": {
      "value": 1.01,
      "unit": "€"
    },
    "productPricePerUnit": {
      "value": 2.02,
      "unit": "€/l"
    },
    "productPriceWithLoyaltyCard": null,
    "productPricePerUnitWithLoyaltyCard": null,
    "imageUrl": "https://cdn.barbora.lv/products/c6221516-be04-47dd-ae33-f58fc9d139cd_s.png",
    "available": true,
    "discount": null
  },
  {
    "shop": "CITRO",
    "categories": [
      1,
      1001,
      1001001
    ],
    "productName": "ALUS ALDARIS PILZENES 4.2% 0.568L CAN",
    "productPriceOld": null,
    "productPrice": null,
    "productPricePerUnit": {
      "value": 2.02,
      "unit": "€/L"
    },
    "productPriceWithLoyaltyCard": null,
    "productPricePerUnitWithLoyaltyCard": null,
    "imageUrl": "https://rezekne.citro.lv/wp-content/uploads/2022/03/4750049002669-300x300.jpg",
    "available": true,
    "discount": null
  },
  {
    "shop": "MAXIMA",
    "categories": [
      1,
      1001,
      1001001
    ],
    "productName": "Alus LĪVU Pilzenes 4,4% 1L PET D",
    "productPriceOld": null,
    "productPrice": {
      "value": 2.03,
      "unit": "€"
    },
    "productPricePerUnit": {
      "value": 2.03,
      "unit": "€/l"
    },
    "productPriceWithLoyaltyCard": null,
    "productPricePerUnitWithLoyaltyCard": null,
    "imageUrl": "https://cdn.barbora.lv/products/4760b7a8-94c1-4308-ac5c-68391f16aaa8_s.png",
    "available": true,
    "discount": null
  },
  {
    "shop": "MAXIMA",
    "categories": [
      1,
      1001,
      1001001
    ],
    "productName": "Alus LATVIJAS PILZENES 4,5% 1L PET D",
    "productPriceOld": null,
    "productPrice": {
      "value": 2.03,
      "unit": "€"
    },
    "productPricePerUnit": {
      "value": 2.03,
      "unit": "€/l"
    },
    "productPriceWithLoyaltyCard": null,
    "productPricePerUnitWithLoyaltyCard": null,
    "imageUrl": "https://cdn.barbora.lv/products/01d958c2-84a8-4d7e-a21f-3013027df91d_s.png",
    "available": true,
    "discount": null
  },
  {
    "shop": "MAXIMA",
    "categories": [
      1,
      1001,
      1001001
    ],
    "productName": "Alus CRONUS German Wheat 5,3% 0,5L sk.D",
    "productPriceOld": null,
    "productPrice": {
      "value": 1.02,
      "unit": "€"
    },
    "productPricePerUnit": {
      "value": 2.04,
      "unit": "€/l"
    },
    "productPriceWithLoyaltyCard": null,
    "productPricePerUnitWithLoyaltyCard": null,
    "imageUrl": "https://cdn.barbora.lv/products/389ddcb9-0b0d-423b-9104-dc79f87a4119_s.png",
    "available": true,
    "discount": null
  },
  {
    "shop": "MAXIMA",
    "categories": [
      1,
      1001,
      1001001
    ],
    "productName": "Alus LATVIJAS SEVIŠĶAIS stiprais 5,8% 1L PET D",
    "productPriceOld": null,
    "productPrice": {
      "value": 2.05,
      "unit": "€"
    },
    "productPricePerUnit": {
      "value": 2.05,
      "unit": "€/l"
    },
    "productPriceWithLoyaltyCard": null,
    "productPricePerUnitWithLoyaltyCard": null,
    "imageUrl": "https://cdn.barbora.lv/products/ec7a0058-d792-4797-b153-0c45b02ac2ab_s.png",
    "available": true,
    "discount": null
  },
  {
    "shop": "RIMI",
    "categories": [
      2,
      2001,
      2001004
    ],
    "productName": "Rudzu maize Zeltene sagriezta 800g",
    "productPriceOld": {
      "value": 1.95,
      "unit": "€"
    },
    "productPrice": {
      "value": 1.65,
      "unit": "€/gab"
    },
    "productPricePerUnit": {
      "value": 2.06,
      "unit": "€/kg"
    },
    "productPriceWithLoyaltyCard": null,
    "productPricePerUnitWithLoyaltyCard": null,
    "imageUrl": "https://rimibaltic-res.cloudinary.com/image/upload/d_ecommerce:backend-fallback.png/MAT_283726_PCE_LV",
    "available": true,
    "discount": 15
  },
  {
    "shop": "RIMI",
    "categories": [
      2,
      2001,
      2001003
    ],
    "productName": "Tostermaize Druvas sagriezta 500g",
    "productPriceOld": {
      "value": 1.59,
      "unit": "€"
    },
    "productPrice": {
      "value": 1.03,
      "unit": "€/gab"
    },
    "productPricePerUnit": {
      "value": 2.06,
      "unit": "€/kg"
    },
    "productPriceWithLoyaltyCard": null,
    "productPricePerUnitWithLoyaltyCard": null,
    "imageUrl": "https://rimibaltic-res.cloudinary.com/image/upload/d_ecommerce:backend-fallback.png/MAT_215470_PCE_LV",
    "available": true,
    "discount": 35
  },
  {
    "shop": "RIMI",
    "categories": [
      2,
      2001,
      2001004
    ],
    "productName": "Rudzu maize Rimi Beķera, sagriezta 600g",
    "productPriceOld": null,
    "productPrice": {
      "value": 1.25,
      "unit": "€/gab"
    },
    "productPricePerUnit": {
      "value": 2.08,
      "unit": "€/kg"
    },
    "productPriceWithLoyaltyCard": null,
    "productPricePerUnitWithLoyaltyCard": null,
    "imageUrl": "https://rimibaltic-res.cloudinary.com/image/upload/d_ecommerce:backend-fallback.png/MAT_813545_PCE_LV",
    "available": true,
    "discount": null
  },
  {
    "shop": "MAXIMA",
    "categories": [
      1,
      1002,
      10010020
    ],
    "productName": "Sula HELLO ābolu 100% 250ml",
    "productPriceOld": null,
    "productPrice": {
      "value": 0.52,
      "unit": "€"
    },
    "productPricePerUnit": {
      "value": 2.08,
      "unit": "€/l"
    },
    "productPriceWithLoyaltyCard": null,
    "productPricePerUnitWithLoyaltyCard": null,
    "imageUrl": "https://cdn.barbora.lv/products/f997dc59-b4e1-43f9-95eb-fb4a1560e867_s.png",
    "available": true,
    "discount": null
  },
  {
    "shop": "MAXIMA",
    "categories": [
      1,
      1002,
      10010020
    ],
    "productName": "Sula HELLO ābolu-persiku 100% 250ml",
    "productPriceOld": null,
    "productPrice": {
      "value": 0.52,
      "unit": "€"
    },
    "productPricePerUnit": {
      "value": 2.08,
      "unit": "€/l"
    },
    "productPriceWithLoyaltyCard": null,
    "productPricePerUnitWithLoyaltyCard": null,
    "imageUrl": "https://cdn.barbora.lv/products/1e02790c-091e-4cb1-990a-452a64c9207a_s.png",
    "available": true,
    "discount": null
  },
  {
    "shop": "MAXIMA",
    "categories": [
      1,
      1002,
      10010020
    ],
    "productName": "Sula HELLO ābolu-ķiršu 100% 250ml",
    "productPriceOld": null,
    "productPrice": {
      "value": 0.52,
      "unit": "€"
    },
    "productPricePerUnit": {
      "value": 2.08,
      "unit": "€/l"
    },
    "productPriceWithLoyaltyCard": null,
    "productPricePerUnitWithLoyaltyCard": null,
    "imageUrl": "https://cdn.barbora.lv/products/7f4f8ff9-bf8c-4bae-96e7-fb77f0025516_s.png",
    "available": true,
    "discount": null
  },
  {
    "shop": "RIMI",
    "categories": [
      1,
      1002,
      10010020
    ],
    "productName": "Sulas dzēr. Tymbark ķiršu-ābolu 1l",
    "productPriceOld": null,
    "productPrice": {
      "value": 2.09,
      "unit": "€/gab"
    },
    "productPricePerUnit": {
      "value": 2.09,
      "unit": "€/l"
    },
    "productPriceWithLoyaltyCard": null,
    "productPricePerUnitWithLoyaltyCard": null,
    "imageUrl": "https://rimibaltic-res.cloudinary.com/image/upload/d_ecommerce:backend-fallback.png/MAT_150166_PCE_LV",
    "available": true,
    "discount": null
  },
  {
    "shop": "RIMI",
    "categories": [
      1,
      1002,
      10010020
    ],
    "productName": "Sulas dzēriens Tymbark mango 1l",
    "productPriceOld": null,
    "productPrice": {
      "value": 2.09,
      "unit": "€/gab"
    },
    "productPricePerUnit": {
      "value": 2.09,
      "unit": "€/l"
    },
    "productPriceWithLoyaltyCard": null,
    "productPricePerUnitWithLoyaltyCard": null,
    "imageUrl": "https://rimibaltic-res.cloudinary.com/image/upload/d_ecommerce:backend-fallback.png/MAT_1354949_PCE_LV",
    "available": true,
    "discount": null
  },
  {
    "shop": "MAXIMA",
    "categories": [
      1,
      1002,
      10010021
    ],
    "productName": "Gāzēts dzēr. COCA-COLA Cherry 0,33L D",
    "productPriceOld": {
      "value": 1.49,
      "unit": "€"
    },
    "productPrice": {
      "value": 1.49,
      "unit": "€"
    },
    "productPricePerUnit": {
      "value": 4.52,
      "unit": "€/l"
    },
    "productPriceWithLoyaltyCard": {
      "value": 0.69,
      "unit": "€"
    },
    "productPricePerUnitWithLoyaltyCard": {
      "value": 2.09,
      "unit": "€/l"
    },
    "imageUrl": "https://cdn.barbora.lv/products/e13eea97-4b90-4fdc-9d74-9ddfb28d32ee_s.png",
    "available": true,
    "discount": 54
  },
  {
    "shop": "MAXIMA",
    "categories": [
      1,
      1002,
      10010020
    ],
    "productName": "Sulas dzēriens TYMBARK mango 1L",
    "productPriceOld": null,
    "productPrice": {
      "value": 2.09,
      "unit": "€"
    },
    "productPricePerUnit": {
      "value": 2.09,
      "unit": "€/l"
    },
    "productPriceWithLoyaltyCard": null,
    "productPricePerUnitWithLoyaltyCard": null,
    "imageUrl": "https://cdn.barbora.lv/products/1a86ab12-1a25-42e4-9f78-20786c8b6e26_s.png",
    "available": true,
    "discount": null
  },
  {
    "shop": "MAXIMA",
    "categories": [
      1,
      1002,
      10010022
    ],
    "productName": "Enerģijas dzēriens BURN Original 330ml D",
    "productPriceOld": {
      "value": 1.19,
      "unit": "€"
    },
    "productPrice": {
      "value": 0.69,
      "unit": "€"
    },
    "productPricePerUnit": {
      "value": 2.09,
      "unit": "€/l"
    },
    "productPriceWithLoyaltyCard": null,
    "productPricePerUnitWithLoyaltyCard": null,
    "imageUrl": "https://cdn.barbora.lv/products/b8bdd7c6-06e9-4861-8236-ae38d075aaa5_s.png",
    "available": true,
    "discount": 42
  },
  {
    "shop": "MAXIMA",
    "categories": [
      1,
      1002,
      10010022
    ],
    "productName": "Enerģ.dzēr. BURN Passion Punch 330ml D",
    "productPriceOld": {
      "value": 1.19,
      "unit": "€"
    },
    "productPrice": {
      "value": 0.69,
      "unit": "€"
    },
    "productPricePerUnit": {
      "value": 2.09,
      "unit": "€/l"
    },
    "productPriceWithLoyaltyCard": null,
    "productPricePerUnitWithLoyaltyCard": null,
    "imageUrl": "https://cdn.barbora.lv/products/de3e3bd7-88e3-4ada-b99b-8ea63fa4455e_s.png",
    "available": true,
    "discount": 42
  },
  {
    "shop": "MAXIMA",
    "categories": [
      1,
      1001,
      1001001
    ],
    "productName": "Alus LĪVU Senču 5% 1L PET D",
    "productPriceOld": null,
    "productPrice": {
      "value": 2.09,
      "unit": "€"
    },
    "productPricePerUnit": {
      "value": 2.09,
      "unit": "€/l"
    },
    "productPriceWithLoyaltyCard": null,
    "productPricePerUnitWithLoyaltyCard": null,
    "imageUrl": "https://cdn.barbora.lv/products/4f5574e4-b4ac-43b0-b205-5f41023b49c7_s.png",
    "available": true,
    "discount": null
  },
  {
    "shop": "CITRO",
    "categories": [
      1,
      1001,
      1001001
    ],
    "productName": "ALUS ALDARIS APINĪTIS TUMŠAIS 5.8% 1L PET",
    "productPriceOld": null,
    "productPrice": null,
    "productPricePerUnit": {
      "value": 2.09,
      "unit": "€/L"
    },
    "productPriceWithLoyaltyCard": null,
    "productPricePerUnitWithLoyaltyCard": null,
    "imageUrl": "https://rezekne.citro.lv/wp-content/uploads/2022/04/4750049002676-300x300.jpg",
    "available": true,
    "discount": null
  },
  {
    "shop": "CITRO",
    "categories": [
      1,
      1001,
      1001001
    ],
    "productName": "ALUS ALDARIS APINĪTIS STIPRAIS 5.8% 1L PET",
    "productPriceOld": null,
    "productPrice": null,
    "productPricePerUnit": {
      "value": 2.09,
      "unit": "€/L"
    },
    "productPriceWithLoyaltyCard": null,
    "productPricePerUnitWithLoyaltyCard": null,
    "imageUrl": "https://rezekne.citro.lv/wp-content/uploads/2022/04/4750049002607-300x300.jpg",
    "available": true,
    "discount": null
  },
  {
    "shop": "CITRO",
    "categories": [
      1,
      1002,
      10010027
    ],
    "productName": "DZĒRIENS NJOY CITRONU-LAIMA 0.33L CAN",
    "productPriceOld": null,
    "productPrice": null,
    "productPricePerUnit": {
      "value": 2.09,
      "unit": "€/L"
    },
    "productPriceWithLoyaltyCard": null,
    "productPricePerUnitWithLoyaltyCard": null,
    "imageUrl": "https://rezekne.citro.lv/wp-content/uploads/2022/06/4750042001836-300x300.jpg",
    "available": true,
    "discount": null
  },
  {
    "shop": "RIMI",
    "categories": [
      1,
      1001,
      1001001
    ],
    "productName": "Alus Cēsu Brūža Nefiltrēts 5,4% 0,568l",
    "productPriceOld": null,
    "productPrice": {
      "value": 1.65,
      "unit": "€/gab"
    },
    "productPricePerUnit": {
      "value": 2.9,
      "unit": "€/l"
    },
    "productPriceWithLoyaltyCard": {
      "value": 1.19,
      "unit": "€"
    },
    "productPricePerUnitWithLoyaltyCard": {
      "value": 2.1,
      "unit": "€/l"
    },
    "imageUrl": "https://rimibaltic-res.cloudinary.com/image/upload/d_ecommerce:backend-fallback.png/MAT_1358034_PCE_LV",
    "available": true,
    "discount": 28
  },
  {
    "shop": "MAXIMA",
    "categories": [
      1,
      1001,
      1001001
    ],
    "productName": "Alus dz. CĒSU RADLER zemeņu 2,5% 0,5L D",
    "productPriceOld": {
      "value": 1.5,
      "unit": "€"
    },
    "productPrice": {
      "value": 1.05,
      "unit": "€"
    },
    "productPricePerUnit": {
      "value": 2.1,
      "unit": "€/l"
    },
    "productPriceWithLoyaltyCard": null,
    "productPricePerUnitWithLoyaltyCard": null,
    "imageUrl": "https://cdn.barbora.lv/products/19fce7b5-a398-46db-a9a8-aff5db570741_s.png",
    "available": true,
    "discount": 30
  },
  {
    "shop": "MAXIMA",
    "categories": [
      1,
      1001,
      1001001
    ],
    "productName": "Alus dz.CĒSU RADLER Mojito 2,5% 0,5L D",
    "productPriceOld": {
      "value": 1.5,
      "unit": "€"
    },
    "productPrice": {
      "value": 1.05,
      "unit": "€"
    },
    "productPricePerUnit": {
      "value": 2.1,
      "unit": "€/l"
    },
    "productPriceWithLoyaltyCard": null,
    "productPricePerUnitWithLoyaltyCard": null,
    "imageUrl": "https://cdn.barbora.lv/products/819fd162-252d-4610-9a5f-1b9244d1d0e8_s.png",
    "available": true,
    "discount": 30
  },
  {
    "shop": "MAXIMA",
    "categories": [
      1,
      1001,
      1001001
    ],
    "productName": "Alus dz. CĒSU RADLER arbūzu 2,5% 0,5L D",
    "productPriceOld": {
      "value": 1.5,
      "unit": "€"
    },
    "productPrice": {
      "value": 1.05,
      "unit": "€"
    },
    "productPricePerUnit": {
      "value": 2.1,
      "unit": "€/l"
    },
    "productPriceWithLoyaltyCard": null,
    "productPricePerUnitWithLoyaltyCard": null,
    "imageUrl": "https://cdn.barbora.lv/products/7ef4849b-2a9f-45e6-8781-a482fa97e22b_s.png",
    "available": true,
    "discount": 30
  },
  {
    "shop": "CITRO",
    "categories": [
      1,
      1001,
      1001001
    ],
    "productName": "ALUS CĒSU BRŪŽA NEFILTRĒTAIS 5.4% 0.5L STIKLS",
    "productPriceOld": null,
    "productPrice": null,
    "productPricePerUnit": {
      "value": 2.1,
      "unit": "€/L"
    },
    "productPriceWithLoyaltyCard": null,
    "productPricePerUnitWithLoyaltyCard": null,
    "imageUrl": "https://rezekne.citro.lv/wp-content/uploads/2022/05/4750142004478-300x300.jpg",
    "available": true,
    "discount": null
  },
  {
    "shop": "CITRO",
    "categories": [
      1,
      1001,
      1001001
    ],
    "productName": "ALUS LIELVĀRDES TRADICIONĀLAIS 5% 0.5L STIKLS",
    "productPriceOld": null,
    "productPrice": null,
    "productPricePerUnit": {
      "value": 2.1,
      "unit": "€/L"
    },
    "productPriceWithLoyaltyCard": null,
    "productPricePerUnitWithLoyaltyCard": null,
    "imageUrl": "https://rezekne.citro.lv/wp-content/uploads/2022/06/4750132007960-300x300.jpg",
    "available": true,
    "discount": null
  },
  {
    "shop": "CITRO",
    "categories": [
      1,
      1001,
      1001001
    ],
    "productName": "ALUS PIEBALGAS SENČU 4.5% 0.5L STIKLS",
    "productPriceOld": null,
    "productPrice": null,
    "productPricePerUnit": {
      "value": 2.1,
      "unit": "€/L"
    },
    "productPriceWithLoyaltyCard": null,
    "productPricePerUnitWithLoyaltyCard": null,
    "imageUrl": "https://rezekne.citro.lv/wp-content/uploads/2023/01/4750142004454-300x300.jpg",
    "available": true,
    "discount": null
  },
  {
    "shop": "CITRO",
    "categories": [
      1,
      1002,
      10010021
    ],
    "productName": "LIMONĀDE FANTA ORANGE 0.5L",
    "productPriceOld": {
      "value": 1.25,
      "unit": "€"
    },
    "productPrice": {
      "value": 1.05,
      "unit": "€"
    },
    "productPricePerUnit": {
      "value": 2.1,
      "unit": "€/L"
    },
    "productPriceWithLoyaltyCard": null,
    "productPricePerUnitWithLoyaltyCard": null,
    "imageUrl": "https://rezekne.citro.lv/wp-content/uploads/2022/04/5000112654455-300x300.jpg",
    "available": true,
    "discount": 16
  },
  {
    "shop": "CITRO",
    "categories": [
      1,
      1002,
      10010021
    ],
    "productName": "DZĒRIENS GĀZ. COCA-COLA ZERO 0.5L PET",
    "productPriceOld": {
      "value": 1.25,
      "unit": "€"
    },
    "productPrice": {
      "value": 1.05,
      "unit": "€"
    },
    "productPricePerUnit": {
      "value": 2.1,
      "unit": "€/L"
    },
    "productPriceWithLoyaltyCard": null,
    "productPricePerUnitWithLoyaltyCard": null,
    "imageUrl": "https://rezekne.citro.lv/wp-content/uploads/2022/04/5000112651362-300x300.jpg",
    "available": true,
    "discount": 16
  },
  {
    "shop": "CITRO",
    "categories": [
      2,
      2001,
      2001002
    ],
    "productName": "DRUVA BALTM. RĪTA 500G",
    "productPriceOld": {
      "value": 1.26,
      "unit": "€"
    },
    "productPrice": {
      "value": 1.05,
      "unit": "€"
    },
    "productPricePerUnit": {
      "value": 2.1,
      "unit": "€/KG"
    },
    "productPriceWithLoyaltyCard": null,
    "productPricePerUnitWithLoyaltyCard": null,
    "imageUrl": "https://rezekne.citro.lv/wp-content/uploads/2021/03/4750212900655-300x300.jpg",
    "available": true,
    "discount": 17
  },
  {
    "shop": "RIMI",
    "categories": [
      1,
      1002,
      10010021
    ],
    "productName": "Gāzēts dzēriens Dr. Pepper 0,85L",
    "productPriceOld": null,
    "productPrice": {
      "value": 1.79,
      "unit": "€/gab"
    },
    "productPricePerUnit": {
      "value": 2.11,
      "unit": "€/l"
    },
    "productPriceWithLoyaltyCard": null,
    "productPricePerUnitWithLoyaltyCard": null,
    "imageUrl": "https://rimibaltic-res.cloudinary.com/image/upload/d_ecommerce:backend-fallback.png/MAT_1365984_PCE_LV",
    "available": true,
    "discount": null
  },
  {
    "shop": "MAXIMA",
    "categories": [
      1,
      1001,
      1001001
    ],
    "productName": "Alus MIEZĪTIS Stiprais 5,8% PET 1L D",
    "productPriceOld": null,
    "productPrice": {
      "value": 2.11,
      "unit": "€"
    },
    "productPricePerUnit": {
      "value": 2.11,
      "unit": "€/l"
    },
    "productPriceWithLoyaltyCard": null,
    "productPricePerUnitWithLoyaltyCard": null,
    "imageUrl": "https://cdn.barbora.lv/products/137b0f20-1826-4580-9768-8da038ac14d3_s.png",
    "available": true,
    "discount": null
  },
  {
    "shop": "MAXIMA",
    "categories": [
      1,
      1001,
      1001001
    ],
    "productName": "Alus MIEZĪTIS Tumšais 5,8% PET 1L D",
    "productPriceOld": null,
    "productPrice": {
      "value": 2.11,
      "unit": "€"
    },
    "productPricePerUnit": {
      "value": 2.11,
      "unit": "€/l"
    },
    "productPriceWithLoyaltyCard": null,
    "productPricePerUnitWithLoyaltyCard": null,
    "imageUrl": "https://cdn.barbora.lv/products/62aa8640-870d-4f17-9b79-dfd04b5553fd_s.png",
    "available": true,
    "discount": null
  },
  {
    "shop": "MAXIMA",
    "categories": [
      2,
      2001,
      2001004
    ],
    "productName": "Rudzu maize DRUVA SPĒKAVOTA 800g",
    "productPriceOld": {
      "value": 2.25,
      "unit": "€"
    },
    "productPrice": {
      "value": 1.69,
      "unit": "€"
    },
    "productPricePerUnit": {
      "value": 2.11,
      "unit": "€/kg"
    },
    "productPriceWithLoyaltyCard": null,
    "productPricePerUnitWithLoyaltyCard": null,
    "imageUrl": "https://cdn.barbora.lv/products/a0ce00d3-ee4b-4927-b7ad-4e1703b58afe_s.png",
    "available": true,
    "discount": 25
  },
  {
    "shop": "RIMI",
    "categories": [
      1,
      1002,
      10010027
    ],
    "productName": "Sporta dzē. 4 Move greipf.gar. ar sald. 0,75l",
    "productPriceOld": null,
    "productPrice": {
      "value": 1.59,
      "unit": "€/gab"
    },
    "productPricePerUnit": {
      "value": 2.12,
      "unit": "€/l"
    },
    "productPriceWithLoyaltyCard": null,
    "productPricePerUnitWithLoyaltyCard": null,
    "imageUrl": "https://rimibaltic-res.cloudinary.com/image/upload/d_ecommerce:backend-fallback.png/MAT_1374527_PCE_LV",
    "available": true,
    "discount": null
  },
  {
    "shop": "RIMI",
    "categories": [
      1,
      1002,
      10010024
    ],
    "productName": "Bērzūdens Cēsu citronu-laima 0,75l",
    "productPriceOld": null,
    "productPrice": {
      "value": 1.59,
      "unit": "€/gab"
    },
    "productPricePerUnit": {
      "value": 2.12,
      "unit": "€/l"
    },
    "productPriceWithLoyaltyCard": null,
    "productPricePerUnitWithLoyaltyCard": null,
    "imageUrl": "https://rimibaltic-res.cloudinary.com/image/upload/d_ecommerce:backend-fallback.png/MAT_1367505_PCE_LV",
    "available": true,
    "discount": null
  },
  {
    "shop": "RIMI",
    "categories": [
      1,
      1002,
      10010024
    ],
    "productName": "Bērzūdens Cēsu zemeņu-bazilika 0,75l",
    "productPriceOld": null,
    "productPrice": {
      "value": 1.59,
      "unit": "€/gab"
    },
    "productPricePerUnit": {
      "value": 2.12,
      "unit": "€/l"
    },
    "productPriceWithLoyaltyCard": null,
    "productPricePerUnitWithLoyaltyCard": null,
    "imageUrl": "https://rimibaltic-res.cloudinary.com/image/upload/d_ecommerce:backend-fallback.png/MAT_1367515_PCE_LV",
    "available": true,
    "discount": null
  },
  {
    "shop": "RIMI",
    "categories": [
      1,
      1002,
      10010027
    ],
    "productName": "Sporta dzēr. 4 Move multiaugļu ar sald. 0,75l",
    "productPriceOld": null,
    "productPrice": {
      "value": 1.59,
      "unit": "€/gab"
    },
    "productPricePerUnit": {
      "value": 2.12,
      "unit": "€/l"
    },
    "productPriceWithLoyaltyCard": null,
    "productPricePerUnitWithLoyaltyCard": null,
    "imageUrl": "https://rimibaltic-res.cloudinary.com/image/upload/d_ecommerce:backend-fallback.png/MAT_1374528_PCE_LV",
    "available": true,
    "discount": null
  },
  {
    "shop": "MAXIMA",
    "categories": [
      1,
      1002,
      10010021
    ],
    "productName": "Dzēriens OSHEE Isotonic Zero 0,75L D",
    "productPriceOld": null,
    "productPrice": {
      "value": 1.59,
      "unit": "€"
    },
    "productPricePerUnit": {
      "value": 2.12,
      "unit": "€/l"
    },
    "productPriceWithLoyaltyCard": null,
    "productPricePerUnitWithLoyaltyCard": null,
    "imageUrl": "https://cdn.barbora.lv/products/d7c73dcf-4fde-4917-b46e-7b8dff95a1dc_s.png",
    "available": true,
    "discount": null
  },
  {
    "shop": "MAXIMA",
    "categories": [
      1,
      1002,
      10010027
    ],
    "productName": "Dzēriens OSHEE Isoton.multiaugļu 0,75L D",
    "productPriceOld": null,
    "productPrice": {
      "value": 1.59,
      "unit": "€"
    },
    "productPricePerUnit": {
      "value": 2.12,
      "unit": "€/l"
    },
    "productPriceWithLoyaltyCard": null,
    "productPricePerUnitWithLoyaltyCard": null,
    "imageUrl": "https://cdn.barbora.lv/products/e71fbdc7-dd92-41f6-8937-8beacd386f1e_s.png",
    "available": true,
    "discount": null
  },
  {
    "shop": "MAXIMA",
    "categories": [
      1,
      1002,
      10010021
    ],
    "productName": "Dzēriens apelsīnu Isotonic OSHEE 750ml D",
    "productPriceOld": null,
    "productPrice": {
      "value": 1.59,
      "unit": "€"
    },
    "productPricePerUnit": {
      "value": 2.12,
      "unit": "€/l"
    },
    "productPriceWithLoyaltyCard": null,
    "productPricePerUnitWithLoyaltyCard": null,
    "imageUrl": "https://cdn.barbora.lv/products/7523986e-5113-4838-9dc4-d94354eef2e2_s.png",
    "available": true,
    "discount": null
  },
  {
    "shop": "RIMI",
    "categories": [
      2,
      2001,
      2001002
    ],
    "productName": "Baltmaize Druva mākoņmaize sagr. 300g",
    "productPriceOld": {
      "value": 0.99,
      "unit": "€"
    },
    "productPrice": {
      "value": 0.64,
      "unit": "€/gab"
    },
    "productPricePerUnit": {
      "value": 2.13,
      "unit": "€/kg"
    },
    "productPriceWithLoyaltyCard": null,
    "productPricePerUnitWithLoyaltyCard": null,
    "imageUrl": "https://rimibaltic-res.cloudinary.com/image/upload/d_ecommerce:backend-fallback.png/MAT_279895_PCE_LV",
    "available": true,
    "discount": 35
  },
  {
    "shop": "MAXIMA",
    "categories": [
      2,
      2001,
      2001002
    ],
    "productName": "Baltmaize DRUVA Mākoņmaize XXL 700g",
    "productPriceOld": null,
    "productPrice": {
      "value": 1.49,
      "unit": "€"
    },
    "productPricePerUnit": {
      "value": 2.13,
      "unit": "€/kg"
    },
    "productPriceWithLoyaltyCard": null,
    "productPricePerUnitWithLoyaltyCard": null,
    "imageUrl": "https://cdn.barbora.lv/products/4ebba3e8-3ec1-42e5-b89a-6987318e7b08_s.png",
    "available": true,
    "discount": null
  },
  {
    "shop": "MAXIMA",
    "categories": [
      1,
      1001,
      1001001
    ],
    "productName": "Alus LĪVU Tradicionālais 5,6% 1L PET D",
    "productPriceOld": null,
    "productPrice": {
      "value": 2.14,
      "unit": "€"
    },
    "productPricePerUnit": {
      "value": 2.14,
      "unit": "€/l"
    },
    "productPriceWithLoyaltyCard": null,
    "productPricePerUnitWithLoyaltyCard": null,
    "imageUrl": "https://cdn.barbora.lv/products/0f9dbbbb-7f79-41b0-b7fb-4ce3a67e71cf_s.png",
    "available": true,
    "discount": null
  },
  {
    "shop": "RIMI",
    "categories": [
      2,
      2001,
      2001004
    ],
    "productName": "Rudzu maize Druva Spēkavotu 390g",
    "productPriceOld": {
      "value": 1.29,
      "unit": "€"
    },
    "productPrice": {
      "value": 0.84,
      "unit": "€/gab"
    },
    "productPricePerUnit": {
      "value": 2.15,
      "unit": "€/kg"
    },
    "productPriceWithLoyaltyCard": null,
    "productPricePerUnitWithLoyaltyCard": null,
    "imageUrl": "https://rimibaltic-res.cloudinary.com/image/upload/d_ecommerce:backend-fallback.png/MAT_904885_PCE_LV",
    "available": true,
    "discount": 35
  },
  {
    "shop": "RIMI",
    "categories": [
      2,
      2001,
      20010014
    ],
    "productName": "Sula Cido dārzeņu 1l",
    "productPriceOld": null,
    "productPrice": {
      "value": 2.15,
      "unit": "€/gab"
    },
    "productPricePerUnit": {
      "value": 2.15,
      "unit": "€/l"
    },
    "productPriceWithLoyaltyCard": null,
    "productPricePerUnitWithLoyaltyCard": null,
    "imageUrl": "https://rimibaltic-res.cloudinary.com/image/upload/d_ecommerce:backend-fallback.png/MAT_100650_PCE_LV",
    "available": true,
    "discount": null
  },
  {
    "shop": "RIMI",
    "categories": [
      1,
      1002,
      10010020
    ],
    "productName": "Nektārs Cido plūmju 1l",
    "productPriceOld": null,
    "productPrice": {
      "value": 2.15,
      "unit": "€/gab"
    },
    "productPricePerUnit": {
      "value": 2.15,
      "unit": "€/l"
    },
    "productPriceWithLoyaltyCard": null,
    "productPricePerUnitWithLoyaltyCard": null,
    "imageUrl": "https://rimibaltic-res.cloudinary.com/image/upload/d_ecommerce:backend-fallback.png/MAT_117668_PCE_LV",
    "available": true,
    "discount": null
  },
  {
    "shop": "RIMI",
    "categories": [
      1,
      1002,
      10010020
    ],
    "productName": "Sula Pfanner Passion Fruit 1l",
    "productPriceOld": null,
    "productPrice": {
      "value": 2.49,
      "unit": "€/gab"
    },
    "productPricePerUnit": {
      "value": 2.49,
      "unit": "€/l"
    },
    "productPriceWithLoyaltyCard": {
      "value": 2.15,
      "unit": "€"
    },
    "productPricePerUnitWithLoyaltyCard": {
      "value": 2.15,
      "unit": "€/l"
    },
    "imageUrl": "https://rimibaltic-res.cloudinary.com/image/upload/d_ecommerce:backend-fallback.png/MAT_188850_PCE_LV",
    "available": true,
    "discount": 14
  },
  {
    "shop": "RIMI",
    "categories": [
      1,
      1001,
      1001001
    ],
    "productName": "Alus Miezītis tumšais PET 5,8% 1l",
    "productPriceOld": null,
    "productPrice": {
      "value": 2.15,
      "unit": "€/gab"
    },
    "productPricePerUnit": {
      "value": 2.15,
      "unit": "€/l"
    },
    "productPriceWithLoyaltyCard": null,
    "productPricePerUnitWithLoyaltyCard": null,
    "imageUrl": "https://rimibaltic-res.cloudinary.com/image/upload/d_ecommerce:backend-fallback.png/MAT_7181003_PCE_LV",
    "available": true,
    "discount": null
  },
  {
    "shop": "MAXIMA",
    "categories": [
      1,
      1002,
      10010020
    ],
    "productName": "Nektārs CIDO plūmju 1L",
    "productPriceOld": null,
    "productPrice": {
      "value": 2.15,
      "unit": "€"
    },
    "productPricePerUnit": {
      "value": 2.15,
      "unit": "€/l"
    },
    "productPriceWithLoyaltyCard": null,
    "productPricePerUnitWithLoyaltyCard": null,
    "imageUrl": "https://cdn.barbora.lv/products/9ef8186d-7d65-45b0-aa67-bb8b5de5bcfd_s.png",
    "available": true,
    "discount": null
  },
  {
    "shop": "RIMI",
    "categories": [
      1,
      1002,
      10010021
    ],
    "productName": "Limonāde Schweppes Pink mixer 1,5l",
    "productPriceOld": null,
    "productPrice": {
      "value": 3.25,
      "unit": "€/gab"
    },
    "productPricePerUnit": {
      "value": 2.17,
      "unit": "€/l"
    },
    "productPriceWithLoyaltyCard": null,
    "productPricePerUnitWithLoyaltyCard": null,
    "imageUrl": "https://rimibaltic-res.cloudinary.com/image/upload/d_ecommerce:backend-fallback.png/MAT_1352161_PCE_LV",
    "available": true,
    "discount": null
  },
  {
    "shop": "RIMI",
    "categories": [
      1,
      1002,
      10010021
    ],
    "productName": "Gāz. dzēriens schweppes tonic 1.5l",
    "productPriceOld": null,
    "productPrice": {
      "value": 3.25,
      "unit": "€/gab"
    },
    "productPricePerUnit": {
      "value": 2.17,
      "unit": "€/l"
    },
    "productPriceWithLoyaltyCard": null,
    "productPricePerUnitWithLoyaltyCard": null,
    "imageUrl": "https://rimibaltic-res.cloudinary.com/image/upload/d_ecommerce:backend-fallback.png/MAT_1352162_PCE_LV",
    "available": true,
    "discount": null
  },
  {
    "shop": "MAXIMA",
    "categories": [
      1,
      1002,
      10010021
    ],
    "productName": "Gāzēts dzēriens SCHWEPPES TONIC 1,5L D",
    "productPriceOld": null,
    "productPrice": {
      "value": 3.25,
      "unit": "€"
    },
    "productPricePerUnit": {
      "value": 2.17,
      "unit": "€/l"
    },
    "productPriceWithLoyaltyCard": null,
    "productPricePerUnitWithLoyaltyCard": null,
    "imageUrl": "https://cdn.barbora.lv/products/5ac687cf-a950-4a1a-9581-3df7ec687145_s.png",
    "available": true,
    "discount": null
  },
  {
    "shop": "MAXIMA",
    "categories": [
      1,
      1002,
      10010021
    ],
    "productName": "Gāzēts dzēriens SCHWEPPES Pink Mixer 1,5L D",
    "productPriceOld": null,
    "productPrice": {
      "value": 3.25,
      "unit": "€"
    },
    "productPricePerUnit": {
      "value": 2.17,
      "unit": "€/l"
    },
    "productPriceWithLoyaltyCard": null,
    "productPricePerUnitWithLoyaltyCard": null,
    "imageUrl": "https://cdn.barbora.lv/products/34d3aa50-d1c4-4468-ac76-9aee9395373f_s.png",
    "available": true,
    "discount": null
  },
  {
    "shop": "RIMI",
    "categories": [
      1,
      1001,
      1001001
    ],
    "productName": "Alus Carlsberg 5% 0,5l",
    "productPriceOld": null,
    "productPrice": {
      "value": 1.89,
      "unit": "€/gab"
    },
    "productPricePerUnit": {
      "value": 3.78,
      "unit": "€/l"
    },
    "productPriceWithLoyaltyCard": {
      "value": 1.09,
      "unit": "€"
    },
    "productPricePerUnitWithLoyaltyCard": {
      "value": 2.18,
      "unit": "€/l"
    },
    "imageUrl": "https://rimibaltic-res.cloudinary.com/image/upload/d_ecommerce:backend-fallback.png/MAT_1350033_PCE_LV",
    "available": true,
    "discount": 42
  },
  {
    "shop": "RIMI",
    "categories": [
      1,
      1001,
      1001001
    ],
    "productName": "Alus Piebalgas gaišais 5,6% 0,5l",
    "productPriceOld": null,
    "productPrice": {
      "value": 1.39,
      "unit": "€/gab"
    },
    "productPricePerUnit": {
      "value": 2.78,
      "unit": "€/l"
    },
    "productPriceWithLoyaltyCard": {
      "value": 1.09,
      "unit": "€"
    },
    "productPricePerUnitWithLoyaltyCard": {
      "value": 2.18,
      "unit": "€/l"
    },
    "imageUrl": "https://rimibaltic-res.cloudinary.com/image/upload/d_ecommerce:backend-fallback.png/MAT_461020_PCE_LV",
    "available": true,
    "discount": 22
  },
  {
    "shop": "MAXIMA",
    "categories": [
      1,
      1001,
      1001001
    ],
    "productName": "Alus LIDO Speciālais 4,8% 0,5L D",
    "productPriceOld": {
      "value": 1.77,
      "unit": "€"
    },
    "productPrice": {
      "value": 1.77,
      "unit": "€"
    },
    "productPricePerUnit": {
      "value": 3.54,
      "unit": "€/l"
    },
    "productPriceWithLoyaltyCard": {
      "value": 1.09,
      "unit": "€"
    },
    "productPricePerUnitWithLoyaltyCard": {
      "value": 2.18,
      "unit": "€/l"
    },
    "imageUrl": "https://cdn.barbora.lv/products/586fc10c-9122-44f9-aa16-5ed5bd83c9a4_s.png",
    "available": true,
    "discount": 38
  },
  {
    "shop": "CITRO",
    "categories": [
      1,
      1001,
      1001001
    ],
    "productName": "ALUS CĒSU BRŪŽA SAMTAINAIS 5.4% 0.5L STIKLS",
    "productPriceOld": {
      "value": 1.39,
      "unit": "€"
    },
    "productPrice": {
      "value": 1.09,
      "unit": "€"
    },
    "productPricePerUnit": {
      "value": 2.18,
      "unit": "€/L"
    },
    "productPriceWithLoyaltyCard": null,
    "productPricePerUnitWithLoyaltyCard": null,
    "imageUrl": "https://rezekne.citro.lv/wp-content/uploads/2022/05/4750142004577-300x300.jpg",
    "available": true,
    "discount": 22
  },
  {
    "shop": "CITRO",
    "categories": [
      1,
      1001,
      1001001
    ],
    "productName": "ALUS HEINEKEN 5% 0.5L CAN",
    "productPriceOld": {
      "value": 1.49,
      "unit": "€"
    },
    "productPrice": {
      "value": 1.09,
      "unit": "€"
    },
    "productPricePerUnit": {
      "value": 2.18,
      "unit": "€/L"
    },
    "productPriceWithLoyaltyCard": null,
    "productPricePerUnitWithLoyaltyCard": null,
    "imageUrl": "https://rezekne.citro.lv/wp-content/uploads/2022/05/4744136011542-300x300.jpg",
    "available": true,
    "discount": 27
  },
  {
    "shop": "CITRO",
    "categories": [
      1,
      1001,
      1001001
    ],
    "productName": "ALUS BAUSKAS SENČU GAIŠAIS 4% 0.5L STIKLS",
    "productPriceOld": null,
    "productPrice": null,
    "productPricePerUnit": {
      "value": 2.18,
      "unit": "€/L"
    },
    "productPriceWithLoyaltyCard": null,
    "productPricePerUnitWithLoyaltyCard": null,
    "imageUrl": "https://rezekne.citro.lv/wp-content/uploads/2022/10/4751000792032-arFonu-300x300.jpg",
    "available": true,
    "discount": null
  },
  {
    "shop": "RIMI",
    "categories": [
      1,
      1002,
      10010020
    ],
    "productName": "Sula Cido ābolu 1l",
    "productPriceOld": null,
    "productPrice": {
      "value": 2.19,
      "unit": "€/gab"
    },
    "productPricePerUnit": {
      "value": 2.19,
      "unit": "€/l"
    },
    "productPriceWithLoyaltyCard": null,
    "productPricePerUnitWithLoyaltyCard": null,
    "imageUrl": "https://rimibaltic-res.cloudinary.com/image/upload/d_ecommerce:backend-fallback.png/MAT_121821_PCE_LV",
    "available": true,
    "discount": null
  },
  {
    "shop": "RIMI",
    "categories": [
      1,
      1002,
      10010020
    ],
    "productName": "Nektārs Cido ananasu 1l",
    "productPriceOld": null,
    "productPrice": {
      "value": 2.19,
      "unit": "€/gab"
    },
    "productPricePerUnit": {
      "value": 2.19,
      "unit": "€/l"
    },
    "productPriceWithLoyaltyCard": null,
    "productPricePerUnitWithLoyaltyCard": null,
    "imageUrl": "https://rimibaltic-res.cloudinary.com/image/upload/d_ecommerce:backend-fallback.png/MAT_106756_PCE_LV",
    "available": true,
    "discount": null
  },
  {
    "shop": "RIMI",
    "categories": [
      1,
      1002,
      10010027
    ],
    "productName": "Augļu dzēriens Tymbark liče 1l",
    "productPriceOld": null,
    "productPrice": {
      "value": 2.19,
      "unit": "€/gab"
    },
    "productPricePerUnit": {
      "value": 2.19,
      "unit": "€/l"
    },
    "productPriceWithLoyaltyCard": null,
    "productPricePerUnitWithLoyaltyCard": null,
    "imageUrl": "https://rimibaltic-res.cloudinary.com/image/upload/d_ecommerce:backend-fallback.png/MAT_1356387_PCE_LV",
    "available": true,
    "discount": null
  },
  {
    "shop": "RIMI",
    "categories": [
      1,
      1002,
      10010020
    ],
    "productName": "Sula Tymbark tomātu 1l",
    "productPriceOld": null,
    "productPrice": {
      "value": 2.19,
      "unit": "€/gab"
    },
    "productPricePerUnit": {
      "value": 2.19,
      "unit": "€/l"
    },
    "productPriceWithLoyaltyCard": null,
    "productPricePerUnitWithLoyaltyCard": null,
    "imageUrl": "https://rimibaltic-res.cloudinary.com/image/upload/d_ecommerce:backend-fallback.png/MAT_147393_PCE_LV",
    "available": true,
    "discount": null
  },
  {
    "shop": "RIMI",
    "categories": [
      1,
      1002,
      10010020
    ],
    "productName": "Nektārs sarkano greipfrūtu Tymbark 1L",
    "productPriceOld": null,
    "productPrice": {
      "value": 2.19,
      "unit": "€/gab"
    },
    "productPricePerUnit": {
      "value": 2.19,
      "unit": "€/l"
    },
    "productPriceWithLoyaltyCard": null,
    "productPricePerUnitWithLoyaltyCard": null,
    "imageUrl": "https://rimibaltic-res.cloudinary.com/image/upload/d_ecommerce:backend-fallback.png/MAT_147398_PCE_LV",
    "available": true,
    "discount": null
  },
  {
    "shop": "RIMI",
    "categories": [
      1,
      1002,
      10010020
    ],
    "productName": "Sula Tymbark ābolu 100% 1l",
    "productPriceOld": null,
    "productPrice": {
      "value": 2.19,
      "unit": "€/gab"
    },
    "productPricePerUnit": {
      "value": 2.19,
      "unit": "€/l"
    },
    "productPriceWithLoyaltyCard": null,
    "productPricePerUnitWithLoyaltyCard": null,
    "imageUrl": "https://rimibaltic-res.cloudinary.com/image/upload/d_ecommerce:backend-fallback.png/MAT_129462_PCE_LV",
    "available": true,
    "discount": null
  },
  {
    "shop": "RIMI",
    "categories": [
      1,
      1001,
      1001001
    ],
    "productName": "Alus Bauskas Senču gaišais 4% 1l",
    "productPriceOld": null,
    "productPrice": {
      "value": 3.05,
      "unit": "€/gab"
    },
    "productPricePerUnit": {
      "value": 3.05,
      "unit": "€/l"
    },
    "productPriceWithLoyaltyCard": {
      "value": 2.19,
      "unit": "€"
    },
    "productPricePerUnitWithLoyaltyCard": {
      "value": 2.19,
      "unit": "€/l"
    },
    "imageUrl": "https://rimibaltic-res.cloudinary.com/image/upload/d_ecommerce:backend-fallback.png/MAT_1353217_PCE_LV",
    "available": true,
    "discount": 28
  },
  {
    "shop": "RIMI",
    "categories": [
      1,
      1001,
      1001001
    ],
    "productName": "Alus Apinītis Pilzenes 4,2% 1l",
    "productPriceOld": null,
    "productPrice": {
      "value": 2.19,
      "unit": "€/gab"
    },
    "productPricePerUnit": {
      "value": 2.19,
      "unit": "€/l"
    },
    "productPriceWithLoyaltyCard": null,
    "productPricePerUnitWithLoyaltyCard": null,
    "imageUrl": "https://rimibaltic-res.cloudinary.com/image/upload/d_ecommerce:backend-fallback.png/MAT_1374332_PCE_LV",
    "available": true,
    "discount": null
  },
  {
    "shop": "RIMI",
    "categories": [
      1,
      1001,
      1001001
    ],
    "productName": "Alus Līvu Tradicionālais 5,6% 1l",
    "productPriceOld": null,
    "productPrice": {
      "value": 2.19,
      "unit": "€/gab"
    },
    "productPricePerUnit": {
      "value": 2.19,
      "unit": "€/l"
    },
    "productPriceWithLoyaltyCard": null,
    "productPricePerUnitWithLoyaltyCard": null,
    "imageUrl": "https://rimibaltic-res.cloudinary.com/image/upload/d_ecommerce:backend-fallback.png/MAT_1367914_PCE_LV",
    "available": true,
    "discount": null
  },
  {
    "shop": "MAXIMA",
    "categories": [
      1,
      1002,
      10010020
    ],
    "productName": "Sula TYMBARK tomātu 100% 1L",
    "productPriceOld": null,
    "productPrice": {
      "value": 2.19,
      "unit": "€"
    },
    "productPricePerUnit": {
      "value": 2.19,
      "unit": "€/l"
    },
    "productPriceWithLoyaltyCard": null,
    "productPricePerUnitWithLoyaltyCard": null,
    "imageUrl": "https://cdn.barbora.lv/products/89d18951-bcda-4fcf-9b24-d167475f5d7d_s.png",
    "available": true,
    "discount": null
  },
  {
    "shop": "MAXIMA",
    "categories": [
      1,
      1002,
      10010020
    ],
    "productName": "Sulas dzēriens TYMBARK līčiju 1L",
    "productPriceOld": null,
    "productPrice": {
      "value": 2.19,
      "unit": "€"
    },
    "productPricePerUnit": {
      "value": 2.19,
      "unit": "€/l"
    },
    "productPriceWithLoyaltyCard": null,
    "productPricePerUnitWithLoyaltyCard": null,
    "imageUrl": "https://cdn.barbora.lv/products/89e30697-3b75-40ff-937e-4b48180ec34b_s.png",
    "available": true,
    "discount": null
  },
  {
    "shop": "MAXIMA",
    "categories": [
      1,
      1001,
      1001001
    ],
    "productName": "Alus BAUSKAS gaišais 4,8% 1L PET D",
    "productPriceOld": {
      "value": 3.2,
      "unit": "€"
    },
    "productPrice": {
      "value": 3.2,
      "unit": "€"
    },
    "productPricePerUnit": {
      "value": 3.2,
      "unit": "€/l"
    },
    "productPriceWithLoyaltyCard": {
      "value": 2.19,
      "unit": "€"
    },
    "productPricePerUnitWithLoyaltyCard": {
      "value": 2.19,
      "unit": "€/l"
    },
    "imageUrl": "https://cdn.barbora.lv/products/5f893c29-f3b5-4191-aec4-0def700d9f9a_s.png",
    "available": true,
    "discount": 32
  },
  {
    "shop": "MAXIMA",
    "categories": [
      2,
      2001,
      2001004,
      2001001
    ],
    "productName": "Rudzu pilngraudu maize KURŠU 800g",
    "productPriceOld": {
      "value": 2.19,
      "unit": "€"
    },
    "productPrice": {
      "value": 1.75,
      "unit": "€"
    },
    "productPricePerUnit": {
      "value": 2.19,
      "unit": "€/kg"
    },
    "productPriceWithLoyaltyCard": null,
    "productPricePerUnitWithLoyaltyCard": null,
    "imageUrl": "https://cdn.barbora.lv/products/d991c153-af7d-4aff-a171-e895a982874a_s.png",
    "available": true,
    "discount": 20
  },
  {
    "shop": "CITRO",
    "categories": [
      1,
      1002,
      10010024
    ],
    "productName": "MINERĀLŪDENS NATURAL MINERAL WATER BORJOMI 1L",
    "productPriceOld": null,
    "productPrice": null,
    "productPricePerUnit": {
      "value": 2.19,
      "unit": "€/L"
    },
    "productPriceWithLoyaltyCard": null,
    "productPricePerUnitWithLoyaltyCard": null,
    "imageUrl": "https://rezekne.citro.lv/wp-content/uploads/2024/10/4860019002831-300x300.jpg",
    "available": true,
    "discount": null
  },
  {
    "shop": "RIMI",
    "categories": [
      1,
      1002,
      10010020
    ],
    "productName": "Nektārs Pfanner multiaugļu ar vitamīniem 2l",
    "productPriceOld": null,
    "productPrice": {
      "value": 4.39,
      "unit": "€/gab"
    },
    "productPricePerUnit": {
      "value": 2.2,
      "unit": "€/l"
    },
    "productPriceWithLoyaltyCard": null,
    "productPricePerUnitWithLoyaltyCard": null,
    "imageUrl": "https://rimibaltic-res.cloudinary.com/image/upload/d_ecommerce:backend-fallback.png/MAT_114057_PCE_LV",
    "available": true,
    "discount": null
  },
  {
    "shop": "RIMI",
    "categories": [
      1,
      1002,
      10010020
    ],
    "productName": "Sulas dzēriens Pfanner Bce meža ogu 2l",
    "productPriceOld": null,
    "productPrice": {
      "value": 4.39,
      "unit": "€/gab"
    },
    "productPricePerUnit": {
      "value": 2.2,
      "unit": "€/l"
    },
    "productPriceWithLoyaltyCard": null,
    "productPricePerUnitWithLoyaltyCard": null,
    "imageUrl": "https://rimibaltic-res.cloudinary.com/image/upload/d_ecommerce:backend-fallback.png/MAT_1015952_PCE_LV",
    "available": true,
    "discount": null
  },
  {
    "shop": "MAXIMA",
    "categories": [
      1,
      1002,
      10010022
    ],
    "productName": "Enerģijas dzēriens PULSE Mango 0,25L D",
    "productPriceOld": {
      "value": 0.79,
      "unit": "€"
    },
    "productPrice": {
      "value": 0.79,
      "unit": "€"
    },
    "productPricePerUnit": {
      "value": 3.16,
      "unit": "€/l"
    },
    "productPriceWithLoyaltyCard": {
      "value": 0.55,
      "unit": "€"
    },
    "productPricePerUnitWithLoyaltyCard": {
      "value": 2.2,
      "unit": "€/l"
    },
    "imageUrl": "https://cdn.barbora.lv/products/846f4805-bda0-4762-8a4c-4f1f72d1fd5e_s.png",
    "available": true,
    "discount": 30
  },
  {
    "shop": "MAXIMA",
    "categories": [
      1,
      1002,
      10010022
    ],
    "productName": "Enerģijas dzēriens PULSE 0,25L D",
    "productPriceOld": {
      "value": 0.79,
      "unit": "€"
    },
    "productPrice": {
      "value": 0.79,
      "unit": "€"
    },
    "productPricePerUnit": {
      "value": 3.16,
      "unit": "€/l"
    },
    "productPriceWithLoyaltyCard": {
      "value": 0.55,
      "unit": "€"
    },
    "productPricePerUnitWithLoyaltyCard": {
      "value": 2.2,
      "unit": "€/l"
    },
    "imageUrl": "https://cdn.barbora.lv/products/acf7347a-fb0e-4faf-a5c3-4b1d239f5ffe_s.png",
    "available": true,
    "discount": 30
  },
  {
    "shop": "CITRO",
    "categories": [
      1,
      1002,
      10010020
    ],
    "productName": "SULA LIMPA ZEMEŅU 0.25L TETRA",
    "productPriceOld": null,
    "productPrice": null,
    "productPricePerUnit": {
      "value": 2.2,
      "unit": "€/L"
    },
    "productPriceWithLoyaltyCard": null,
    "productPricePerUnitWithLoyaltyCard": null,
    "imageUrl": "https://rezekne.citro.lv/wp-content/uploads/2021/05/4750142002818-300x300.jpg",
    "available": true,
    "discount": null
  },
  {
    "shop": "CITRO",
    "categories": [
      1,
      1002,
      10010020
    ],
    "productName": "SULA LIMPA MULTIAUGĻU 0.25L TETRA",
    "productPriceOld": null,
    "productPrice": null,
    "productPricePerUnit": {
      "value": 2.2,
      "unit": "€/L"
    },
    "productPriceWithLoyaltyCard": null,
    "productPricePerUnitWithLoyaltyCard": null,
    "imageUrl": "https://rezekne.citro.lv/wp-content/uploads/2021/05/4750142002825-1-300x300.jpg",
    "available": true,
    "discount": null
  },
  {
    "shop": "MAXIMA",
    "categories": [
      1,
      1001,
      1001001
    ],
    "productName": "Alus LĪVU Rubenis 5,8% 1L PET D",
    "productPriceOld": null,
    "productPrice": {
      "value": 2.21,
      "unit": "€"
    },
    "productPricePerUnit": {
      "value": 2.21,
      "unit": "€/l"
    },
    "productPriceWithLoyaltyCard": null,
    "productPricePerUnitWithLoyaltyCard": null,
    "imageUrl": "https://cdn.barbora.lv/products/01eef94c-ffd6-4659-9b8f-41ee65daeef6_s.png",
    "available": true,
    "discount": null
  },
  {
    "shop": "MAXIMA",
    "categories": [
      1,
      1002,
      10010021
    ],
    "productName": "Gāzēts dzēriens FANTA Grape 0,355L D",
    "productPriceOld": {
      "value": 2.01,
      "unit": "€"
    },
    "productPrice": {
      "value": 2.01,
      "unit": "€"
    },
    "productPricePerUnit": {
      "value": 5.66,
      "unit": "€/l"
    },
    "productPriceWithLoyaltyCard": {
      "value": 0.79,
      "unit": "€"
    },
    "productPricePerUnitWithLoyaltyCard": {
      "value": 2.22,
      "unit": "€/l"
    },
    "imageUrl": "https://cdn.barbora.lv/products/b4139b41-83eb-4426-929d-16d7dee654f6_s.png",
    "available": true,
    "discount": 61
  },
  {
    "shop": "MAXIMA",
    "categories": [
      1,
      1002,
      10010021
    ],
    "productName": "Gāzēts dzēriens FANTA Berry 0,355L D",
    "productPriceOld": {
      "value": 2.01,
      "unit": "€"
    },
    "productPrice": {
      "value": 2.01,
      "unit": "€"
    },
    "productPricePerUnit": {
      "value": 5.66,
      "unit": "€/l"
    },
    "productPriceWithLoyaltyCard": {
      "value": 0.79,
      "unit": "€"
    },
    "productPricePerUnitWithLoyaltyCard": {
      "value": 2.22,
      "unit": "€/l"
    },
    "imageUrl": "https://cdn.barbora.lv/products/d3ff0e1d-fe58-49af-bb4c-7ba05e479b91_s.png",
    "available": true,
    "discount": 61
  },
  {
    "shop": "MAXIMA",
    "categories": [
      1,
      1002,
      10010021
    ],
    "productName": "Gāzēts dzēriens FANTA Peach 0,355L D",
    "productPriceOld": {
      "value": 2.01,
      "unit": "€"
    },
    "productPrice": {
      "value": 2.01,
      "unit": "€"
    },
    "productPricePerUnit": {
      "value": 5.66,
      "unit": "€/l"
    },
    "productPriceWithLoyaltyCard": {
      "value": 0.79,
      "unit": "€"
    },
    "productPricePerUnitWithLoyaltyCard": {
      "value": 2.22,
      "unit": "€/l"
    },
    "imageUrl": "https://cdn.barbora.lv/products/78448176-e325-4f70-96f5-76d418568ef6_s.png",
    "available": true,
    "discount": 61
  },
  {
    "shop": "MAXIMA",
    "categories": [
      1,
      1002,
      10010021
    ],
    "productName": "Gāzēts dzēriens FANTA Pineapple 0,355L D",
    "productPriceOld": {
      "value": 2.01,
      "unit": "€"
    },
    "productPrice": {
      "value": 2.01,
      "unit": "€"
    },
    "productPricePerUnit": {
      "value": 5.66,
      "unit": "€/l"
    },
    "productPriceWithLoyaltyCard": {
      "value": 0.79,
      "unit": "€"
    },
    "productPricePerUnitWithLoyaltyCard": {
      "value": 2.22,
      "unit": "€/l"
    },
    "imageUrl": "https://cdn.barbora.lv/products/49330580-d6a9-46ac-b4f7-0edb4f475062_s.png",
    "available": true,
    "discount": 61
  },
  {
    "shop": "MAXIMA",
    "categories": [
      1,
      1001,
      1001001
    ],
    "productName": "Alus GRUNBERGER 5% 0,5L sk.D",
    "productPriceOld": null,
    "productPrice": {
      "value": 1.11,
      "unit": "€"
    },
    "productPricePerUnit": {
      "value": 2.22,
      "unit": "€/l"
    },
    "productPriceWithLoyaltyCard": null,
    "productPricePerUnitWithLoyaltyCard": null,
    "imageUrl": "https://cdn.barbora.lv/products/767d0eb6-e64e-421c-b7b3-1ef18120f450_s.png",
    "available": true,
    "discount": null
  },
  {
    "shop": "MAXIMA",
    "categories": [
      1,
      1002,
      10010020
    ],
    "productName": "Nektārs TYMBARK ananasu 1L",
    "productPriceOld": null,
    "productPrice": {
      "value": 2.23,
      "unit": "€"
    },
    "productPricePerUnit": {
      "value": 2.23,
      "unit": "€/l"
    },
    "productPriceWithLoyaltyCard": null,
    "productPricePerUnitWithLoyaltyCard": null,
    "imageUrl": "https://cdn.barbora.lv/products/244dfac2-f8c6-4605-a1d3-2abab0cb32fd_s.png",
    "available": true,
    "discount": null
  },
  {
    "shop": "RIMI",
    "categories": [
      2,
      2001,
      20010011
    ],
    "productName": "Maize Zeltene sēklu 800g",
    "productPriceOld": {
      "value": 2.09,
      "unit": "€"
    },
    "productPrice": {
      "value": 1.79,
      "unit": "€/gab"
    },
    "productPricePerUnit": {
      "value": 2.24,
      "unit": "€/kg"
    },
    "productPriceWithLoyaltyCard": null,
    "productPricePerUnitWithLoyaltyCard": null,
    "imageUrl": "https://rimibaltic-res.cloudinary.com/image/upload/d_ecommerce:backend-fallback.png/MAT_929781_PCE_LV",
    "available": true,
    "discount": 14
  },
  {
    "shop": "MAXIMA",
    "categories": [
      1,
      1002,
      10010020
    ],
    "productName": "Sula WELL DONE Ābolu NFC 1L PET D",
    "productPriceOld": null,
    "productPrice": {
      "value": 2.24,
      "unit": "€"
    },
    "productPricePerUnit": {
      "value": 2.24,
      "unit": "€/l"
    },
    "productPriceWithLoyaltyCard": null,
    "productPricePerUnitWithLoyaltyCard": null,
    "imageUrl": "https://cdn.barbora.lv/products/3d689046-57a8-4aed-acb1-76f24c5116a3_s.png",
    "available": true,
    "discount": null
  },
  {
    "shop": "MAXIMA",
    "categories": [
      1,
      1002,
      10010020
    ],
    "productName": "Nektārs ELMENHORSTER mandarīnu 50% 1l",
    "productPriceOld": null,
    "productPrice": {
      "value": 2.24,
      "unit": "€"
    },
    "productPricePerUnit": {
      "value": 2.24,
      "unit": "€/l"
    },
    "productPriceWithLoyaltyCard": null,
    "productPricePerUnitWithLoyaltyCard": null,
    "imageUrl": "https://cdn.barbora.lv/products/70b71fea-2e1d-4666-9136-fed9f422620b_s.png",
    "available": true,
    "discount": null
  },
  {
    "shop": "MAXIMA",
    "categories": [
      1,
      1001,
      1001001
    ],
    "productName": "Alus LĀČPLĒSIS gaišais 5% 1L PET D",
    "productPriceOld": null,
    "productPrice": {
      "value": 2.24,
      "unit": "€"
    },
    "productPricePerUnit": {
      "value": 2.24,
      "unit": "€/l"
    },
    "productPriceWithLoyaltyCard": null,
    "productPricePerUnitWithLoyaltyCard": null,
    "imageUrl": "https://cdn.barbora.lv/products/d9f5875d-19d7-4f89-8cce-aec4ddbfbc46_s.png",
    "available": true,
    "discount": null
  },
  {
    "shop": "CITRO",
    "categories": [
      2,
      2001,
      2001004
    ],
    "productName": "MAIZE ZELTENE RUDZU 800G LATVIJASM",
    "productPriceOld": {
      "value": 1.95,
      "unit": "€"
    },
    "productPrice": {
      "value": 1.79,
      "unit": "€"
    },
    "productPricePerUnit": {
      "value": 2.24,
      "unit": "€/KG"
    },
    "productPriceWithLoyaltyCard": null,
    "productPricePerUnitWithLoyaltyCard": null,
    "imageUrl": "https://rezekne.citro.lv/wp-content/uploads/2024/10/4750192720892-300x300.jpg",
    "available": true,
    "discount": 8
  },
  {
    "shop": "RIMI",
    "categories": [
      1,
      1001,
      1001001
    ],
    "productName": "Alus Līvu rubenis 5,8% 1l",
    "productPriceOld": null,
    "productPrice": {
      "value": 2.25,
      "unit": "€/gab"
    },
    "productPricePerUnit": {
      "value": 2.25,
      "unit": "€/l"
    },
    "productPriceWithLoyaltyCard": null,
    "productPricePerUnitWithLoyaltyCard": null,
    "imageUrl": "https://rimibaltic-res.cloudinary.com/image/upload/d_ecommerce:backend-fallback.png/MAT_190577_PCE_LV",
    "available": true,
    "discount": null
  },
  {
    "shop": "MAXIMA",
    "categories": [
      1,
      1002,
      10010020
    ],
    "productName": "Sulas dzēriens ZOO MINION multiaugļu 0,2L",
    "productPriceOld": null,
    "productPrice": {
      "value": 0.45,
      "unit": "€"
    },
    "productPricePerUnit": {
      "value": 2.25,
      "unit": "€/l"
    },
    "productPriceWithLoyaltyCard": null,
    "productPricePerUnitWithLoyaltyCard": null,
    "imageUrl": "https://cdn.barbora.lv/products/de711b81-3544-4c25-87aa-52c1b8a0a596_s.png",
    "available": true,
    "discount": null
  },
  {
    "shop": "MAXIMA",
    "categories": [
      1,
      1002,
      10010020
    ],
    "productName": "Sulas dzēriens ZOO MINION aveņu 0,2L",
    "productPriceOld": null,
    "productPrice": {
      "value": 0.45,
      "unit": "€"
    },
    "productPricePerUnit": {
      "value": 2.25,
      "unit": "€/l"
    },
    "productPriceWithLoyaltyCard": null,
    "productPricePerUnitWithLoyaltyCard": null,
    "imageUrl": "https://cdn.barbora.lv/products/08b22d01-bac6-4060-ab47-0cc7ae980ec7_s.png",
    "available": true,
    "discount": null
  },
  {
    "shop": "MAXIMA",
    "categories": [
      1,
      1002,
      10010020
    ],
    "productName": "Sulas dz. ZOO MINION ban.-zem.9% 0,2L",
    "productPriceOld": null,
    "productPrice": {
      "value": 0.45,
      "unit": "€"
    },
    "productPricePerUnit": {
      "value": 2.25,
      "unit": "€/l"
    },
    "productPriceWithLoyaltyCard": null,
    "productPricePerUnitWithLoyaltyCard": null,
    "imageUrl": "https://cdn.barbora.lv/products/7acac217-5566-446d-bf38-ced0609e51bb_s.png",
    "available": true,
    "discount": null
  },
  {
    "shop": "MAXIMA",
    "categories": [
      2,
      2001,
      2001005
    ],
    "productName": "Druva Spēkavota Saldskābmaize 700g",
    "productPriceOld": {
      "value": 2.09,
      "unit": "€"
    },
    "productPrice": {
      "value": 1.57,
      "unit": "€"
    },
    "productPricePerUnit": {
      "value": 2.25,
      "unit": "€/kg"
    },
    "productPriceWithLoyaltyCard": null,
    "productPricePerUnitWithLoyaltyCard": null,
    "imageUrl": "https://cdn.barbora.lv/products/72fedf4e-5048-47a4-981a-f5caf401c2ca_s.png",
    "available": true,
    "discount": 25
  },
  {
    "shop": "CITRO",
    "categories": [
      1,
      1002,
      10010020
    ],
    "productName": "SULA TYMBARK VITAMINI PERSIKS-BURKĀNS-ĀBOLS 1L",
    "productPriceOld": null,
    "productPrice": null,
    "productPricePerUnit": {
      "value": 2.25,
      "unit": "€/L"
    },
    "productPriceWithLoyaltyCard": null,
    "productPricePerUnitWithLoyaltyCard": null,
    "imageUrl": "https://rezekne.citro.lv/wp-content/uploads/2025/02/5900334015938-300x300.jpg",
    "available": true,
    "discount": null
  },
  {
    "shop": "RIMI",
    "categories": [
      2,
      2001,
      2001004
    ],
    "productName": "Rudzu maize Īstenā 1,5 kg",
    "productPriceOld": {
      "value": 3.99,
      "unit": "€"
    },
    "productPrice": {
      "value": 3.39,
      "unit": "€/gab"
    },
    "productPricePerUnit": {
      "value": 2.26,
      "unit": "€/kg"
    },
    "productPriceWithLoyaltyCard": null,
    "productPricePerUnitWithLoyaltyCard": null,
    "imageUrl": "https://rimibaltic-res.cloudinary.com/image/upload/d_ecommerce:backend-fallback.png/MAT_937837_PCE_LV",
    "available": true,
    "discount": 15
  },
  {
    "shop": "RIMI",
    "categories": [
      1,
      1002,
      10010027
    ],
    "productName": "Aloe dzēr.aleo ar kokosriekstu sulu 1,5l",
    "productPriceOld": {
      "value": 3.99,
      "unit": "€"
    },
    "productPrice": {
      "value": 3.39,
      "unit": "€/gab"
    },
    "productPricePerUnit": {
      "value": 2.26,
      "unit": "€/l"
    },
    "productPriceWithLoyaltyCard": null,
    "productPricePerUnitWithLoyaltyCard": null,
    "imageUrl": "https://rimibaltic-res.cloudinary.com/image/upload/d_ecommerce:backend-fallback.png/MAT_1356622_PCE_LV",
    "available": true,
    "discount": 15
  },
  {
    "shop": "RIMI",
    "categories": [
      1,
      1002,
      10010022
    ],
    "productName": "Enerģijas dzēriens Dynamit, bundžā 568ml",
    "productPriceOld": null,
    "productPrice": {
      "value": 1.29,
      "unit": "€/gab"
    },
    "productPricePerUnit": {
      "value": 2.27,
      "unit": "€/l"
    },
    "productPriceWithLoyaltyCard": null,
    "productPricePerUnitWithLoyaltyCard": null,
    "imageUrl": "https://rimibaltic-res.cloudinary.com/image/upload/d_ecommerce:backend-fallback.png/MAT_1355452_PCE_LV",
    "available": true,
    "discount": null
  },
  {
    "shop": "RIMI",
    "categories": [
      1,
      1001,
      1001001
    ],
    "productName": "Alus Lāčplēsis izturēts 5,1% 0,568l",
    "productPriceOld": null,
    "productPrice": {
      "value": 1.79,
      "unit": "€/gab"
    },
    "productPricePerUnit": {
      "value": 3.15,
      "unit": "€/l"
    },
    "productPriceWithLoyaltyCard": {
      "value": 1.29,
      "unit": "€"
    },
    "productPricePerUnitWithLoyaltyCard": {
      "value": 2.27,
      "unit": "€/l"
    },
    "imageUrl": "https://rimibaltic-res.cloudinary.com/image/upload/d_ecommerce:backend-fallback.png/MAT_1361769_PCE_LV",
    "available": true,
    "discount": 28
  },
  {
    "shop": "MAXIMA",
    "categories": [
      1,
      1001,
      1001001
    ],
    "productName": "Alus CĒSU BRŪŽA Nullīte 0% 0,568L sk.D",
    "productPriceOld": null,
    "productPrice": {
      "value": 1.29,
      "unit": "€"
    },
    "productPricePerUnit": {
      "value": 2.27,
      "unit": "€/l"
    },
    "productPriceWithLoyaltyCard": null,
    "productPricePerUnitWithLoyaltyCard": null,
    "imageUrl": "https://cdn.barbora.lv/products/e5f2e985-9f8a-491f-97cc-dd3199292678_s.png",
    "available": true,
    "discount": null
  },
  {
    "shop": "MAXIMA",
    "categories": [
      1,
      1001,
      1001001
    ],
    "productName": "Alus APINĪTIS tumšais 5,8% 1L PET D",
    "productPriceOld": null,
    "productPrice": {
      "value": 2.27,
      "unit": "€"
    },
    "productPricePerUnit": {
      "value": 2.27,
      "unit": "€/l"
    },
    "productPriceWithLoyaltyCard": null,
    "productPricePerUnitWithLoyaltyCard": null,
    "imageUrl": "https://cdn.barbora.lv/products/12b6e802-bb68-4454-8dc9-a41950c7849a_s.png",
    "available": true,
    "discount": null
  },
  {
    "shop": "CITRO",
    "categories": [
      1,
      1001,
      1001001
    ],
    "productName": "ALUS CĒSU PREMIUM ORIGINAL 5% 0.568L PUD",
    "productPriceOld": null,
    "productPrice": null,
    "productPricePerUnit": {
      "value": 2.27,
      "unit": "€/L"
    },
    "productPriceWithLoyaltyCard": null,
    "productPricePerUnitWithLoyaltyCard": null,
    "imageUrl": "https://rezekne.citro.lv/wp-content/uploads/2022/02/4750142004492-300x300.jpg",
    "available": true,
    "discount": null
  },
  {
    "shop": "CITRO",
    "categories": [
      1,
      1001,
      1001001
    ],
    "productName": "ALUS LĀČPLĒSIS DZINTARA PINTE 4.8% 0.568 CAN",
    "productPriceOld": null,
    "productPrice": null,
    "productPricePerUnit": {
      "value": 2.27,
      "unit": "€/L"
    },
    "productPriceWithLoyaltyCard": null,
    "productPricePerUnitWithLoyaltyCard": null,
    "imageUrl": "https://rezekne.citro.lv/wp-content/uploads/2022/04/4750132007472-300x300.jpg",
    "available": true,
    "discount": null
  },
  {
    "shop": "RIMI",
    "categories": [
      1,
      1002,
      10010020
    ],
    "productName": "Sulas dzēriens Tymbark kaktusa 1l",
    "productPriceOld": null,
    "productPrice": {
      "value": 2.29,
      "unit": "€/gab"
    },
    "productPricePerUnit": {
      "value": 2.29,
      "unit": "€/l"
    },
    "productPriceWithLoyaltyCard": null,
    "productPricePerUnitWithLoyaltyCard": null,
    "imageUrl": "https://rimibaltic-res.cloudinary.com/image/upload/d_ecommerce:backend-fallback.png/MAT_147389_PCE_LV",
    "available": true,
    "discount": null
  },
  {
    "shop": "RIMI",
    "categories": [
      1,
      1001,
      1001001
    ],
    "productName": "Alus Lāčplēsis Dzintara alus 4,8% 1l",
    "productPriceOld": null,
    "productPrice": {
      "value": 2.29,
      "unit": "€/gab"
    },
    "productPricePerUnit": {
      "value": 2.29,
      "unit": "€/l"
    },
    "productPriceWithLoyaltyCard": null,
    "productPricePerUnitWithLoyaltyCard": null,
    "imageUrl": "https://rimibaltic-res.cloudinary.com/image/upload/d_ecommerce:backend-fallback.png/MAT_1363746_PCE_LV",
    "available": true,
    "discount": null
  },
  {
    "shop": "MAXIMA",
    "categories": [
      1,
      1002,
      10010020
    ],
    "productName": "Sulas dzēriens TYMBARK kaktusu 1L",
    "productPriceOld": null,
    "productPrice": {
      "value": 2.29,
      "unit": "€"
    },
    "productPricePerUnit": {
      "value": 2.29,
      "unit": "€/l"
    },
    "productPriceWithLoyaltyCard": null,
    "productPricePerUnitWithLoyaltyCard": null,
    "imageUrl": "https://cdn.barbora.lv/products/371438ef-536e-4770-955f-c91ce77b4062_s.png",
    "available": true,
    "discount": null
  },
  {
    "shop": "CITRO",
    "categories": [
      1,
      1001,
      1001001
    ],
    "productName": "ALUS BAUSKAS GAIŠAIS 4.8% 1L PET",
    "productPriceOld": {
      "value": 2.95,
      "unit": "€"
    },
    "productPrice": {
      "value": 2.29,
      "unit": "€"
    },
    "productPricePerUnit": {
      "value": 2.29,
      "unit": "€/L"
    },
    "productPriceWithLoyaltyCard": null,
    "productPricePerUnitWithLoyaltyCard": null,
    "imageUrl": "https://rezekne.citro.lv/wp-content/uploads/2022/05/4751000791882-300x300.jpg",
    "available": true,
    "discount": 22
  },
  {
    "shop": "RIMI",
    "categories": [
      1,
      1002,
      10010024
    ],
    "productName": "Dzeramais ūdens Vichy Fresh Lemon Lime 0,5l",
    "productPriceOld": null,
    "productPrice": {
      "value": 1.15,
      "unit": "€/gab"
    },
    "productPricePerUnit": {
      "value": 2.3,
      "unit": "€/l"
    },
    "productPriceWithLoyaltyCard": null,
    "productPricePerUnitWithLoyaltyCard": null,
    "imageUrl": "https://rimibaltic-res.cloudinary.com/image/upload/d_ecommerce:backend-fallback.png/MAT_1359650_PCE_LV",
    "available": true,
    "discount": null
  },
  {
    "shop": "RIMI",
    "categories": [
      1,
      1002,
      10010022
    ],
    "productName": "Enerģijas dzēriens Cult Bubble Gum 0,5l",
    "productPriceOld": null,
    "productPrice": {
      "value": 1.55,
      "unit": "€/gab"
    },
    "productPricePerUnit": {
      "value": 3.1,
      "unit": "€/l"
    },
    "productPriceWithLoyaltyCard": {
      "value": 1.15,
      "unit": "€"
    },
    "productPricePerUnitWithLoyaltyCard": {
      "value": 2.3,
      "unit": "€/l"
    },
    "imageUrl": "https://rimibaltic-res.cloudinary.com/image/upload/d_ecommerce:backend-fallback.png/MAT_1012200_PCE_LV",
    "available": true,
    "discount": 26
  },
  {
    "shop": "RIMI",
    "categories": [
      1,
      1002,
      10010020
    ],
    "productName": "Cappy Ice Fruit multivitamīnu 0,5l",
    "productPriceOld": null,
    "productPrice": {
      "value": 1.15,
      "unit": "€/gab"
    },
    "productPricePerUnit": {
      "value": 2.3,
      "unit": "€/l"
    },
    "productPriceWithLoyaltyCard": null,
    "productPricePerUnitWithLoyaltyCard": null,
    "imageUrl": "https://rimibaltic-res.cloudinary.com/image/upload/d_ecommerce:backend-fallback.png/MAT_1350116_PCE_LV",
    "available": true,
    "discount": null
  },
  {
    "shop": "RIMI",
    "categories": [
      1,
      1001,
      1001001
    ],
    "productName": "Alus Tērvete Senču 4,5% 6x0,5l",
    "productPriceOld": null,
    "productPrice": {
      "value": 6.9,
      "unit": "€/gab"
    },
    "productPricePerUnit": {
      "value": 2.3,
      "unit": "€/l"
    },
    "productPriceWithLoyaltyCard": null,
    "productPricePerUnitWithLoyaltyCard": null,
    "imageUrl": "https://rimibaltic-res.cloudinary.com/image/upload/d_ecommerce:backend-fallback.png/MAT_1368816_PCE_LV",
    "available": true,
    "discount": null
  },
  {
    "shop": "MAXIMA",
    "categories": [
      1,
      1001,
      1001001
    ],
    "productName": "Alus PIEBALGAS gaišais 5,6% 0,5L D",
    "productPriceOld": {
      "value": 1.62,
      "unit": "€"
    },
    "productPrice": {
      "value": 1.62,
      "unit": "€"
    },
    "productPricePerUnit": {
      "value": 3.24,
      "unit": "€/l"
    },
    "productPriceWithLoyaltyCard": {
      "value": 1.15,
      "unit": "€"
    },
    "productPricePerUnitWithLoyaltyCard": {
      "value": 2.3,
      "unit": "€/l"
    },
    "imageUrl": "https://cdn.barbora.lv/products/e11b182d-3da5-4e62-af2b-49ca2d9d568c_s.png",
    "available": true,
    "discount": 29
  },
  {
    "shop": "MAXIMA",
    "categories": [
      1,
      1001,
      1001002
    ],
    "productName": "Sidrs SHELTON'S ābolu 4,5% 0,5L D",
    "productPriceOld": null,
    "productPrice": {
      "value": 1.15,
      "unit": "€"
    },
    "productPricePerUnit": {
      "value": 2.3,
      "unit": "€/l"
    },
    "productPriceWithLoyaltyCard": null,
    "productPricePerUnitWithLoyaltyCard": null,
    "imageUrl": "https://cdn.barbora.lv/products/5230f825-98d0-4f3d-bfae-7621f8baeb75_s.png",
    "available": true,
    "discount": null
  },
  {
    "shop": "MAXIMA",
    "categories": [
      1,
      1001,
      1001002
    ],
    "productName": "Sidrs SHELTON'S bumbieru 4,5% 0,5L D",
    "productPriceOld": null,
    "productPrice": {
      "value": 1.15,
      "unit": "€"
    },
    "productPricePerUnit": {
      "value": 2.3,
      "unit": "€/l"
    },
    "productPriceWithLoyaltyCard": null,
    "productPricePerUnitWithLoyaltyCard": null,
    "imageUrl": "https://cdn.barbora.lv/products/4b44ca21-7357-494d-b64c-e4042a6b4d23_s.png",
    "available": true,
    "discount": null
  },
  {
    "shop": "CITRO",
    "categories": [
      1,
      1003,
      1003001
    ],
    "productName": "ALUS KOKT. BEZALK. ZELTA RADLER GRAPEFRUIT 0.5L CAN",
    "productPriceOld": null,
    "productPrice": null,
    "productPricePerUnit": {
      "value": 2.3,
      "unit": "€/L"
    },
    "productPriceWithLoyaltyCard": null,
    "productPricePerUnitWithLoyaltyCard": null,
    "imageUrl": "https://rezekne.citro.lv/wp-content/uploads/2022/05/4750049002430-300x300.jpg",
    "available": true,
    "discount": null
  },
  {
    "shop": "CITRO",
    "categories": [
      1,
      1002,
      10010022
    ],
    "productName": "ENERĢIJAS DZĒR. BATTERY PEACHBERRY 0.5L CAN",
    "productPriceOld": {
      "value": 1.39,
      "unit": "€"
    },
    "productPrice": {
      "value": 1.15,
      "unit": "€"
    },
    "productPricePerUnit": {
      "value": 2.3,
      "unit": "€/L"
    },
    "productPriceWithLoyaltyCard": null,
    "productPricePerUnitWithLoyaltyCard": null,
    "imageUrl": "https://rezekne.citro.lv/wp-content/uploads/2022/04/4740019003529-300x300.jpg",
    "available": true,
    "discount": 17
  },
  {
    "shop": "RIMI",
    "categories": [
      2,
      2001,
      2001004
    ],
    "productName": "Rudzu maize Īstenā saldskābā 730g",
    "productPriceOld": {
      "value": 1.89,
      "unit": "€"
    },
    "productPrice": {
      "value": 1.69,
      "unit": "€/gab"
    },
    "productPricePerUnit": {
      "value": 2.32,
      "unit": "€/kg"
    },
    "productPriceWithLoyaltyCard": null,
    "productPricePerUnitWithLoyaltyCard": null,
    "imageUrl": "https://rimibaltic-res.cloudinary.com/image/upload/d_ecommerce:backend-fallback.png/MAT_974551_PCE_LV",
    "available": true,
    "discount": 11
  },
  {
    "shop": "MAXIMA",
    "categories": [
      1,
      1001,
      1001001
    ],
    "productName": "Alus LĀČPLĒSIS gaišais PINTE 5% 0,568L D",
    "productPriceOld": null,
    "productPrice": {
      "value": 1.32,
      "unit": "€"
    },
    "productPricePerUnit": {
      "value": 2.32,
      "unit": "€/l"
    },
    "productPriceWithLoyaltyCard": null,
    "productPricePerUnitWithLoyaltyCard": null,
    "imageUrl": "https://cdn.barbora.lv/products/29f0a8ab-a805-496c-8458-f83d02f71e0e_s.png",
    "available": true,
    "discount": null
  },
  {
    "shop": "MAXIMA",
    "categories": [
      2,
      2001,
      2001004
    ],
    "productName": "Rudzu formas maize ZELTENE 600g",
    "productPriceOld": null,
    "productPrice": {
      "value": 1.39,
      "unit": "€"
    },
    "productPricePerUnit": {
      "value": 2.32,
      "unit": "€/kg"
    },
    "productPriceWithLoyaltyCard": null,
    "productPricePerUnitWithLoyaltyCard": null,
    "imageUrl": "https://cdn.barbora.lv/products/9d2a9b46-b53e-47b0-a73d-8f3102cd6ca3_s.png",
    "available": true,
    "discount": null
  },
  {
    "shop": "RIMI",
    "categories": [
      2,
      2001,
      2001006
    ],
    "productName": "Rupjmaize Rīgas Klaips formas, sagriezta 600g",
    "productPriceOld": null,
    "productPrice": {
      "value": 1.4,
      "unit": "€/gab"
    },
    "productPricePerUnit": {
      "value": 2.33,
      "unit": "€/kg"
    },
    "productPriceWithLoyaltyCard": null,
    "productPricePerUnitWithLoyaltyCard": null,
    "imageUrl": "https://rimibaltic-res.cloudinary.com/image/upload/d_ecommerce:backend-fallback.png/MAT_268114_PCE_LV",
    "available": true,
    "discount": null
  },
  {
    "shop": "RIMI",
    "categories": [
      2,
      2001,
      2001005
    ],
    "productName": "Saldskābmaize Tava plaucēta 550g",
    "productPriceOld": null,
    "productPrice": {
      "value": 1.29,
      "unit": "€/gab"
    },
    "productPricePerUnit": {
      "value": 2.35,
      "unit": "€/kg"
    },
    "productPriceWithLoyaltyCard": null,
    "productPricePerUnitWithLoyaltyCard": null,
    "imageUrl": "https://rimibaltic-res.cloudinary.com/image/upload/d_ecommerce:backend-fallback.png/MAT_274392_PCE_LV",
    "available": true,
    "discount": null
  },
  {
    "shop": "RIMI",
    "categories": [
      1,
      1002,
      10010020
    ],
    "productName": "Sulas dzēriens Tymbark sarkano apelsīnu 1l",
    "productPriceOld": null,
    "productPrice": {
      "value": 2.35,
      "unit": "€/gab"
    },
    "productPricePerUnit": {
      "value": 2.35,
      "unit": "€/l"
    },
    "productPriceWithLoyaltyCard": null,
    "productPricePerUnitWithLoyaltyCard": null,
    "imageUrl": "https://rimibaltic-res.cloudinary.com/image/upload/d_ecommerce:backend-fallback.png/MAT_147399_PCE_LV",
    "available": true,
    "discount": null
  },
  {
    "shop": "RIMI",
    "categories": [
      1,
      1001,
      10010019
    ],
    "productName": "Gāzēts dzēriens Schweppes Bitter Lemon 1l",
    "productPriceOld": null,
    "productPrice": {
      "value": 2.35,
      "unit": "€/gab"
    },
    "productPricePerUnit": {
      "value": 2.35,
      "unit": "€/l"
    },
    "productPriceWithLoyaltyCard": null,
    "productPricePerUnitWithLoyaltyCard": null,
    "imageUrl": "https://rimibaltic-res.cloudinary.com/image/upload/d_ecommerce:backend-fallback.png/MAT_1367125_PCE_LV",
    "available": true,
    "discount": null
  },
  {
    "shop": "RIMI",
    "categories": [
      1,
      1002,
      10010021
    ],
    "productName": "Gāzēts dzēriens Schweppes Tangerine 1l",
    "productPriceOld": null,
    "productPrice": {
      "value": 2.35,
      "unit": "€/gab"
    },
    "productPricePerUnit": {
      "value": 2.35,
      "unit": "€/l"
    },
    "productPriceWithLoyaltyCard": null,
    "productPricePerUnitWithLoyaltyCard": null,
    "imageUrl": "https://rimibaltic-res.cloudinary.com/image/upload/d_ecommerce:backend-fallback.png/MAT_1367124_PCE_LV",
    "available": true,
    "discount": null
  },
  {
    "shop": "RIMI",
    "categories": [
      1,
      1002,
      10010020
    ],
    "productName": "Sulas dzēriens Pfanner Melleņu 1l",
    "productPriceOld": null,
    "productPrice": {
      "value": 2.35,
      "unit": "€/gab"
    },
    "productPricePerUnit": {
      "value": 2.35,
      "unit": "€/l"
    },
    "productPriceWithLoyaltyCard": null,
    "productPricePerUnitWithLoyaltyCard": null,
    "imageUrl": "https://rimibaltic-res.cloudinary.com/image/upload/d_ecommerce:backend-fallback.png/MAT_1015960_PCE_LV",
    "available": true,
    "discount": null
  },
  {
    "shop": "RIMI",
    "categories": [
      1,
      1002,
      10010020
    ],
    "productName": "Sula Tymbark tomātu, pikantā 100% 1l",
    "productPriceOld": null,
    "productPrice": {
      "value": 2.35,
      "unit": "€/gab"
    },
    "productPricePerUnit": {
      "value": 2.35,
      "unit": "€/l"
    },
    "productPriceWithLoyaltyCard": null,
    "productPricePerUnitWithLoyaltyCard": null,
    "imageUrl": "https://rimibaltic-res.cloudinary.com/image/upload/d_ecommerce:backend-fallback.png/MAT_147383_PCE_LV",
    "available": true,
    "discount": null
  },
  {
    "shop": "RIMI",
    "categories": [
      1,
      1002,
      10010021
    ],
    "productName": "Gāz. dz. Schweppes Blueb. Mojito bezalk. 1l",
    "productPriceOld": null,
    "productPrice": {
      "value": 2.35,
      "unit": "€/gab"
    },
    "productPricePerUnit": {
      "value": 2.35,
      "unit": "€/l"
    },
    "productPriceWithLoyaltyCard": null,
    "productPricePerUnitWithLoyaltyCard": null,
    "imageUrl": "https://rimibaltic-res.cloudinary.com/image/upload/d_ecommerce:backend-fallback.png/MAT_1374791_PCE_LV",
    "available": true,
    "discount": null
  },
  {
    "shop": "MAXIMA",
    "categories": [
      1,
      1002,
      10010021
    ],
    "productName": "Gāzēts dzēriens SCHWEPPES Tangerine 1L D",
    "productPriceOld": null,
    "productPrice": {
      "value": 2.35,
      "unit": "€"
    },
    "productPricePerUnit": {
      "value": 2.35,
      "unit": "€/l"
    },
    "productPriceWithLoyaltyCard": null,
    "productPricePerUnitWithLoyaltyCard": null,
    "imageUrl": "https://cdn.barbora.lv/products/70219a71-6300-4df3-a95f-d71998f168b0_s.png",
    "available": true,
    "discount": null
  },
  {
    "shop": "MAXIMA",
    "categories": [
      1,
      1001,
      10010019
    ],
    "productName": "Gāzēts dz. SCHWEPPES Bitter Lemon 1L D",
    "productPriceOld": null,
    "productPrice": {
      "value": 2.35,
      "unit": "€"
    },
    "productPricePerUnit": {
      "value": 2.35,
      "unit": "€/l"
    },
    "productPriceWithLoyaltyCard": null,
    "productPricePerUnitWithLoyaltyCard": null,
    "imageUrl": "https://cdn.barbora.lv/products/c5da09a5-763c-4667-8d13-fc0dfdd68f9d_s.png",
    "available": true,
    "discount": null
  },
  {
    "shop": "MAXIMA",
    "categories": [
      1,
      1002,
      10010021
    ],
    "productName": "Gāzēts dzēriens SCHWEPPES Tonic 1L D",
    "productPriceOld": null,
    "productPrice": {
      "value": 2.35,
      "unit": "€"
    },
    "productPricePerUnit": {
      "value": 2.35,
      "unit": "€/l"
    },
    "productPriceWithLoyaltyCard": null,
    "productPricePerUnitWithLoyaltyCard": null,
    "imageUrl": "https://cdn.barbora.lv/products/64706625-5d47-4213-b956-3c25c1e3284f_s.png",
    "available": true,
    "discount": null
  },
  {
    "shop": "MAXIMA",
    "categories": [
      1,
      1002,
      10010021
    ],
    "productName": "Gāzēts dz. SCHWEPPES Pink Mixer 1L D",
    "productPriceOld": null,
    "productPrice": {
      "value": 2.35,
      "unit": "€"
    },
    "productPricePerUnit": {
      "value": 2.35,
      "unit": "€/l"
    },
    "productPriceWithLoyaltyCard": null,
    "productPricePerUnitWithLoyaltyCard": null,
    "imageUrl": "https://cdn.barbora.lv/products/7fa37d95-8fcf-4b2c-9d74-e0a9833144f8_s.png",
    "available": true,
    "discount": null
  },
  {
    "shop": "MAXIMA",
    "categories": [
      1,
      1002,
      10010020
    ],
    "productName": "Sulas dzēriens TYMBARK sark. apelsīnu 1L",
    "productPriceOld": null,
    "productPrice": {
      "value": 2.35,
      "unit": "€"
    },
    "productPricePerUnit": {
      "value": 2.35,
      "unit": "€/l"
    },
    "productPriceWithLoyaltyCard": null,
    "productPricePerUnitWithLoyaltyCard": null,
    "imageUrl": "https://cdn.barbora.lv/products/7f22219f-446a-4347-8729-6a4e00b3f19d_s.png",
    "available": true,
    "discount": null
  },
  {
    "shop": "MAXIMA",
    "categories": [
      1,
      1002,
      10010020
    ],
    "productName": "Sula TYMBARK tomātu pikantā 100% 1l",
    "productPriceOld": null,
    "productPrice": {
      "value": 2.35,
      "unit": "€"
    },
    "productPricePerUnit": {
      "value": 2.35,
      "unit": "€/l"
    },
    "productPriceWithLoyaltyCard": null,
    "productPricePerUnitWithLoyaltyCard": null,
    "imageUrl": "https://cdn.barbora.lv/products/aba413aa-b1da-41bb-a9c8-94cb8855c6f3_s.png",
    "available": true,
    "discount": null
  },
  {
    "shop": "MAXIMA",
    "categories": [
      1,
      1001,
      1001001
    ],
    "productName": "Alus APINĪTIS Stiprais 5,8% 1L PET D",
    "productPriceOld": null,
    "productPrice": {
      "value": 2.35,
      "unit": "€"
    },
    "productPricePerUnit": {
      "value": 2.35,
      "unit": "€/l"
    },
    "productPriceWithLoyaltyCard": null,
    "productPricePerUnitWithLoyaltyCard": null,
    "imageUrl": "https://cdn.barbora.lv/products/9f5f126f-b8df-4c1b-8577-7811c0b82374_s.png",
    "available": true,
    "discount": null
  },
  {
    "shop": "MAXIMA",
    "categories": [
      2,
      2001,
      2001002
    ],
    "productName": "Baltmaize Lielmaize LM 550g",
    "productPriceOld": {
      "value": 1.99,
      "unit": "€"
    },
    "productPrice": {
      "value": 1.99,
      "unit": "€"
    },
    "productPricePerUnit": {
      "value": 3.62,
      "unit": "€/kg"
    },
    "productPriceWithLoyaltyCard": {
      "value": 1.29,
      "unit": "€"
    },
    "productPricePerUnitWithLoyaltyCard": {
      "value": 2.35,
      "unit": "€/kg"
    },
    "imageUrl": "https://cdn.barbora.lv/products/07620d65-3905-4075-8b8a-627bcff98238_s.png",
    "available": true,
    "discount": 35
  },
  {
    "shop": "MAXIMA",
    "categories": [
      2,
      2001,
      2001005
    ],
    "productName": "Saldskābmaize formas Tava DONA 550g",
    "productPriceOld": null,
    "productPrice": {
      "value": 1.29,
      "unit": "€"
    },
    "productPricePerUnit": {
      "value": 2.35,
      "unit": "€/kg"
    },
    "productPriceWithLoyaltyCard": null,
    "productPricePerUnitWithLoyaltyCard": null,
    "imageUrl": "https://cdn.barbora.lv/products/15eca9a8-6e57-440d-a3f4-317c6de0396e_s.png",
    "available": true,
    "discount": null
  },
  {
    "shop": "MAXIMA",
    "categories": [
      1,
      1002,
      10010020
    ],
    "productName": "Nektārs CIDO greipfrūtu 1L",
    "productPriceOld": null,
    "productPrice": {
      "value": 2.36,
      "unit": "€"
    },
    "productPricePerUnit": {
      "value": 2.36,
      "unit": "€/l"
    },
    "productPriceWithLoyaltyCard": null,
    "productPricePerUnitWithLoyaltyCard": null,
    "imageUrl": "https://cdn.barbora.lv/products/b96a5844-4a7c-4bea-9183-83c6b6b05ba2_s.png",
    "available": true,
    "discount": null
  },
  {
    "shop": "MAXIMA",
    "categories": [
      1,
      1002,
      10010022
    ],
    "productName": "Enerģijas dzēriens REV UP Sugar Free 0,25L D",
    "productPriceOld": null,
    "productPrice": {
      "value": 0.59,
      "unit": "€"
    },
    "productPricePerUnit": {
      "value": 2.36,
      "unit": "€/l"
    },
    "productPriceWithLoyaltyCard": null,
    "productPricePerUnitWithLoyaltyCard": null,
    "imageUrl": "https://cdn.barbora.lv/products/d37c556a-dba8-43ce-93f7-6df69281d752_s.png",
    "available": true,
    "discount": null
  },
  {
    "shop": "MAXIMA",
    "categories": [
      1,
      1002,
      10010022
    ],
    "productName": "Enerģijas dzēriens REV UP Cranberry 0,25L D",
    "productPriceOld": null,
    "productPrice": {
      "value": 0.59,
      "unit": "€"
    },
    "productPricePerUnit": {
      "value": 2.36,
      "unit": "€/l"
    },
    "productPriceWithLoyaltyCard": null,
    "productPricePerUnitWithLoyaltyCard": null,
    "imageUrl": "https://cdn.barbora.lv/products/c5a0de7b-80e8-452c-b88b-204e31b13335_s.png",
    "available": true,
    "discount": null
  },
  {
    "shop": "MAXIMA",
    "categories": [
      1,
      1002,
      10010022
    ],
    "productName": "Enerģijas dzēriens REV UP Classic 0,25L D",
    "productPriceOld": null,
    "productPrice": {
      "value": 0.59,
      "unit": "€"
    },
    "productPricePerUnit": {
      "value": 2.36,
      "unit": "€/l"
    },
    "productPriceWithLoyaltyCard": null,
    "productPricePerUnitWithLoyaltyCard": null,
    "imageUrl": "https://cdn.barbora.lv/products/aec85bad-7de5-425f-9917-a31d22c7df70_s.png",
    "available": true,
    "discount": null
  },
  {
    "shop": "MAXIMA",
    "categories": [
      1,
      1002,
      10010022
    ],
    "productName": "Enerģijas dzēriens REV UP Mojito 0,25L D",
    "productPriceOld": null,
    "productPrice": {
      "value": 0.59,
      "unit": "€"
    },
    "productPricePerUnit": {
      "value": 2.36,
      "unit": "€/l"
    },
    "productPriceWithLoyaltyCard": null,
    "productPricePerUnitWithLoyaltyCard": null,
    "imageUrl": "https://cdn.barbora.lv/products/bdad9640-6cc1-491d-9ae7-e804f9cd66cc_s.png",
    "available": true,
    "discount": null
  },
  {
    "shop": "MAXIMA",
    "categories": [
      1,
      1002,
      10010021
    ],
    "productName": "Gāzēts dzēr. NATAKHTARI Saperavi 1L D",
    "productPriceOld": null,
    "productPrice": {
      "value": 2.37,
      "unit": "€"
    },
    "productPricePerUnit": {
      "value": 2.37,
      "unit": "€/l"
    },
    "productPriceWithLoyaltyCard": null,
    "productPricePerUnitWithLoyaltyCard": null,
    "imageUrl": "https://cdn.barbora.lv/products/7d02eab5-8485-4bf4-aec1-3d3df71a4c29_s.png",
    "available": true,
    "discount": null
  },
  {
    "shop": "MAXIMA",
    "categories": [
      1,
      1002,
      10010021
    ],
    "productName": "Gāz.dz. NATAKHTARI TARHŪNS 1L PET D",
    "productPriceOld": null,
    "productPrice": {
      "value": 2.37,
      "unit": "€"
    },
    "productPricePerUnit": {
      "value": 2.37,
      "unit": "€/l"
    },
    "productPriceWithLoyaltyCard": null,
    "productPricePerUnitWithLoyaltyCard": null,
    "imageUrl": "https://cdn.barbora.lv/products/01453d50-61fc-4d3e-b063-a0ac069fe2a8_s.png",
    "available": true,
    "discount": null
  },
  {
    "shop": "MAXIMA",
    "categories": [
      1,
      1002,
      10010021
    ],
    "productName": "Gāz.dz. NATAKHTARI BUMBIERIS 1L PET D",
    "productPriceOld": null,
    "productPrice": {
      "value": 2.37,
      "unit": "€"
    },
    "productPricePerUnit": {
      "value": 2.37,
      "unit": "€/l"
    },
    "productPriceWithLoyaltyCard": null,
    "productPricePerUnitWithLoyaltyCard": null,
    "imageUrl": "https://cdn.barbora.lv/products/7c5019ea-19fa-4f81-bb95-8966b396db27_s.png",
    "available": true,
    "discount": null
  },
  {
    "shop": "MAXIMA",
    "categories": [
      1,
      1002,
      10010021
    ],
    "productName": "Gāzēts dzēriens NATAKHTARI Feihojas 1L D",
    "productPriceOld": null,
    "productPrice": {
      "value": 2.37,
      "unit": "€"
    },
    "productPricePerUnit": {
      "value": 2.37,
      "unit": "€/l"
    },
    "productPriceWithLoyaltyCard": null,
    "productPricePerUnitWithLoyaltyCard": null,
    "imageUrl": "https://cdn.barbora.lv/products/433ce269-6928-4388-9dab-1925a00f6d2d_s.png",
    "available": true,
    "discount": null
  },
  {
    "shop": "MAXIMA",
    "categories": [
      1,
      1002,
      10010020
    ],
    "productName": "Nektārs GUTTA ananasu 1L",
    "productPriceOld": null,
    "productPrice": {
      "value": 2.37,
      "unit": "€"
    },
    "productPricePerUnit": {
      "value": 2.37,
      "unit": "€/l"
    },
    "productPriceWithLoyaltyCard": null,
    "productPricePerUnitWithLoyaltyCard": null,
    "imageUrl": "https://cdn.barbora.lv/products/ac2704eb-af60-4eab-92e7-a2666f80164c_s.png",
    "available": true,
    "discount": null
  },
  {
    "shop": "MAXIMA",
    "categories": [
      1,
      1002,
      10010020
    ],
    "productName": "Nektārs GUTTA sarkano vīnogu 1L",
    "productPriceOld": null,
    "productPrice": {
      "value": 2.37,
      "unit": "€"
    },
    "productPricePerUnit": {
      "value": 2.37,
      "unit": "€/l"
    },
    "productPriceWithLoyaltyCard": null,
    "productPricePerUnitWithLoyaltyCard": null,
    "imageUrl": "https://cdn.barbora.lv/products/23b344bd-5553-4838-b2ab-99ec779b94c3_s.png",
    "available": true,
    "discount": null
  },
  {
    "shop": "RIMI",
    "categories": [
      1,
      1002,
      10010022
    ],
    "productName": "Enerģijas dzēriens Dynamit Cool Kick 0,5l",
    "productPriceOld": null,
    "productPrice": {
      "value": 1.49,
      "unit": "€/gab"
    },
    "productPricePerUnit": {
      "value": 2.98,
      "unit": "€/l"
    },
    "productPriceWithLoyaltyCard": {
      "value": 1.19,
      "unit": "€"
    },
    "productPricePerUnitWithLoyaltyCard": {
      "value": 2.38,
      "unit": "€/l"
    },
    "imageUrl": "https://rimibaltic-res.cloudinary.com/image/upload/d_ecommerce:backend-fallback.png/MAT_1375197_PCE_LV",
    "available": true,
    "discount": 20
  },
  {
    "shop": "RIMI",
    "categories": [
      1,
      1002,
      10010022
    ],
    "productName": "Enerģijas dzēriens Dynamit Gummy Bear 0,5l",
    "productPriceOld": null,
    "productPrice": {
      "value": 1.49,
      "unit": "€/gab"
    },
    "productPricePerUnit": {
      "value": 2.98,
      "unit": "€/l"
    },
    "productPriceWithLoyaltyCard": {
      "value": 1.19,
      "unit": "€"
    },
    "productPricePerUnitWithLoyaltyCard": {
      "value": 2.38,
      "unit": "€/l"
    },
    "imageUrl": "https://rimibaltic-res.cloudinary.com/image/upload/d_ecommerce:backend-fallback.png/MAT_1375222_PCE_LV",
    "available": true,
    "discount": 20
  },
  {
    "shop": "RIMI",
    "categories": [
      1,
      1002,
      10010022
    ],
    "productName": "Enerģijas dzēriens Dynamit Popcorn 0,5l",
    "productPriceOld": null,
    "productPrice": {
      "value": 1.49,
      "unit": "€/gab"
    },
    "productPricePerUnit": {
      "value": 2.98,
      "unit": "€/l"
    },
    "productPriceWithLoyaltyCard": {
      "value": 1.19,
      "unit": "€"
    },
    "productPricePerUnitWithLoyaltyCard": {
      "value": 2.38,
      "unit": "€/l"
    },
    "imageUrl": "https://rimibaltic-res.cloudinary.com/image/upload/d_ecommerce:backend-fallback.png/MAT_1375198_PCE_LV",
    "available": true,
    "discount": 20
  },
  {
    "shop": "RIMI",
    "categories": [
      1,
      1002,
      10010022
    ],
    "productName": "Enerģijas dzēriens Dynamit PET 500ml",
    "productPriceOld": null,
    "productPrice": {
      "value": 1.55,
      "unit": "€/gab"
    },
    "productPricePerUnit": {
      "value": 3.1,
      "unit": "€/l"
    },
    "productPriceWithLoyaltyCard": {
      "value": 1.19,
      "unit": "€"
    },
    "productPricePerUnitWithLoyaltyCard": {
      "value": 2.38,
      "unit": "€/l"
    },
    "imageUrl": "https://rimibaltic-res.cloudinary.com/image/upload/d_ecommerce:backend-fallback.png/MAT_1352822_PCE_LV",
    "available": true,
    "discount": 23
  },
  {
    "shop": "RIMI",
    "categories": [
      1,
      1002,
      10010021
    ],
    "productName": "Gāzēts dzēriens Pepsi Max ar saldinātāju 0,5l",
    "productPriceOld": null,
    "productPrice": {
      "value": 1.19,
      "unit": "€/gab"
    },
    "productPricePerUnit": {
      "value": 2.38,
      "unit": "€/l"
    },
    "productPriceWithLoyaltyCard": null,
    "productPricePerUnitWithLoyaltyCard": null,
    "imageUrl": "https://rimibaltic-res.cloudinary.com/image/upload/d_ecommerce:backend-fallback.png/MAT_1362573_PCE_LV",
    "available": true,
    "discount": null
  },
  {
    "shop": "RIMI",
    "categories": [
      1,
      1002,
      10010021
    ],
    "productName": "Gāz.dzēriens 7UP 0,5L",
    "productPriceOld": null,
    "productPrice": {
      "value": 1.19,
      "unit": "€/gab"
    },
    "productPricePerUnit": {
      "value": 2.38,
      "unit": "€/l"
    },
    "productPriceWithLoyaltyCard": null,
    "productPricePerUnitWithLoyaltyCard": null,
    "imageUrl": "https://rimibaltic-res.cloudinary.com/image/upload/d_ecommerce:backend-fallback.png/MAT_1360358_PCE_LV",
    "available": true,
    "discount": null
  },
  {
    "shop": "RIMI",
    "categories": [
      1,
      1002,
      10010021
    ],
    "productName": "Gāz.dzēriens Mirinda 0,5L",
    "productPriceOld": null,
    "productPrice": {
      "value": 1.19,
      "unit": "€/gab"
    },
    "productPricePerUnit": {
      "value": 2.38,
      "unit": "€/l"
    },
    "productPriceWithLoyaltyCard": null,
    "productPricePerUnitWithLoyaltyCard": null,
    "imageUrl": "https://rimibaltic-res.cloudinary.com/image/upload/d_ecommerce:backend-fallback.png/MAT_1360400_PCE_LV",
    "available": true,
    "discount": null
  },
  {
    "shop": "RIMI",
    "categories": [
      1,
      1002,
      10010021
    ],
    "productName": "Gāz.dzēriens Pepsi Cola 0,5L",
    "productPriceOld": null,
    "productPrice": {
      "value": 1.19,
      "unit": "€/gab"
    },
    "productPricePerUnit": {
      "value": 2.38,
      "unit": "€/l"
    },
    "productPriceWithLoyaltyCard": null,
    "productPricePerUnitWithLoyaltyCard": null,
    "imageUrl": "https://rimibaltic-res.cloudinary.com/image/upload/d_ecommerce:backend-fallback.png/MAT_1360392_PCE_LV",
    "available": true,
    "discount": null
  },
  {
    "shop": "RIMI",
    "categories": [
      1,
      1003,
      1003001
    ],
    "productName": "Bezalkoholiskais alus Lielvārdes gaišais 0,5l",
    "productPriceOld": null,
    "productPrice": {
      "value": 1.19,
      "unit": "€/gab"
    },
    "productPricePerUnit": {
      "value": 2.38,
      "unit": "€/l"
    },
    "productPriceWithLoyaltyCard": null,
    "productPricePerUnitWithLoyaltyCard": null,
    "imageUrl": "https://rimibaltic-res.cloudinary.com/image/upload/d_ecommerce:backend-fallback.png/MAT_1374965_PCE_LV",
    "available": true,
    "discount": null
  },
  {
    "shop": "RIMI",
    "categories": [
      1,
      1002,
      10010022
    ],
    "productName": "Enerģijas dzēriens Dynamit Star 0.5l",
    "productPriceOld": null,
    "productPrice": {
      "value": 1.49,
      "unit": "€/gab"
    },
    "productPricePerUnit": {
      "value": 2.98,
      "unit": "€/l"
    },
    "productPriceWithLoyaltyCard": {
      "value": 1.19,
      "unit": "€"
    },
    "productPricePerUnitWithLoyaltyCard": {
      "value": 2.38,
      "unit": "€/l"
    },
    "imageUrl": "https://rimibaltic-res.cloudinary.com/image/upload/d_ecommerce:backend-fallback.png/MAT_1374083_PCE_LV",
    "available": true,
    "discount": 20
  },
  {
    "shop": "RIMI",
    "categories": [
      1,
      1002,
      10010022
    ],
    "productName": "Enerģijas dzēr. Dynamit amino bcaa 0,5l",
    "productPriceOld": null,
    "productPrice": {
      "value": 1.55,
      "unit": "€/gab"
    },
    "productPricePerUnit": {
      "value": 3.1,
      "unit": "€/l"
    },
    "productPriceWithLoyaltyCard": {
      "value": 1.19,
      "unit": "€"
    },
    "productPricePerUnitWithLoyaltyCard": {
      "value": 2.38,
      "unit": "€/l"
    },
    "imageUrl": "https://rimibaltic-res.cloudinary.com/image/upload/d_ecommerce:backend-fallback.png/MAT_1372617_PCE_LV",
    "available": true,
    "discount": 23
  },
  {
    "shop": "RIMI",
    "categories": [
      1,
      1002,
      10010022
    ],
    "productName": "Enerģijas dzēr. Dynamit Guanabana 0.5l",
    "productPriceOld": null,
    "productPrice": {
      "value": 1.49,
      "unit": "€/gab"
    },
    "productPricePerUnit": {
      "value": 2.98,
      "unit": "€/l"
    },
    "productPriceWithLoyaltyCard": {
      "value": 1.19,
      "unit": "€"
    },
    "productPricePerUnitWithLoyaltyCard": {
      "value": 2.38,
      "unit": "€/l"
    },
    "imageUrl": "https://rimibaltic-res.cloudinary.com/image/upload/d_ecommerce:backend-fallback.png/MAT_1374105_PCE_LV",
    "available": true,
    "discount": 20
  },
  {
    "shop": "RIMI",
    "categories": [
      1,
      1002,
      10010026
    ],
    "productName": "Ledus tēja Nestea persiku 0,5l",
    "productPriceOld": null,
    "productPrice": {
      "value": 1.19,
      "unit": "€/gab"
    },
    "productPricePerUnit": {
      "value": 2.38,
      "unit": "€/l"
    },
    "productPriceWithLoyaltyCard": null,
    "productPricePerUnitWithLoyaltyCard": null,
    "imageUrl": "https://rimibaltic-res.cloudinary.com/image/upload/d_ecommerce:backend-fallback.png/MAT_1367729_PCE_LV",
    "available": true,
    "discount": null
  },
  {
    "shop": "RIMI",
    "categories": [
      1,
      1002,
      10010026
    ],
    "productName": "Ledus tēja Nestea zaļā, citrusaugļu 0,5l",
    "productPriceOld": null,
    "productPrice": {
      "value": 1.19,
      "unit": "€/gab"
    },
    "productPricePerUnit": {
      "value": 2.38,
      "unit": "€/l"
    },
    "productPriceWithLoyaltyCard": null,
    "productPricePerUnitWithLoyaltyCard": null,
    "imageUrl": "https://rimibaltic-res.cloudinary.com/image/upload/d_ecommerce:backend-fallback.png/MAT_1367737_PCE_LV",
    "available": true,
    "discount": null
  },
  {
    "shop": "RIMI",
    "categories": [
      1,
      1002,
      10010026
    ],
    "productName": "Ledus tēja Nestea citronu 0,5l",
    "productPriceOld": null,
    "productPrice": {
      "value": 1.19,
      "unit": "€/gab"
    },
    "productPricePerUnit": {
      "value": 2.38,
      "unit": "€/l"
    },
    "productPriceWithLoyaltyCard": null,
    "productPricePerUnitWithLoyaltyCard": null,
    "imageUrl": "https://rimibaltic-res.cloudinary.com/image/upload/d_ecommerce:backend-fallback.png/MAT_1367736_PCE_LV",
    "available": true,
    "discount": null
  },
  {
    "shop": "RIMI",
    "categories": [
      1,
      1001,
      1001001
    ],
    "productName": "Alus Lāčplēsis gaišais 4,8% 0,568l",
    "productPriceOld": null,
    "productPrice": {
      "value": 1.35,
      "unit": "€/gab"
    },
    "productPricePerUnit": {
      "value": 2.38,
      "unit": "€/l"
    },
    "productPriceWithLoyaltyCard": null,
    "productPricePerUnitWithLoyaltyCard": null,
    "imageUrl": "https://rimibaltic-res.cloudinary.com/image/upload/d_ecommerce:backend-fallback.png/MAT_1360094_PCE_LV",
    "available": true,
    "discount": null
  },
  {
    "shop": "RIMI",
    "categories": [
      1,
      1001,
      1001001
    ],
    "productName": "Alus Radler Tērvete upeņu greipfr. 2,7% 0,5l",
    "productPriceOld": null,
    "productPrice": {
      "value": 1.59,
      "unit": "€/gab"
    },
    "productPricePerUnit": {
      "value": 3.18,
      "unit": "€/l"
    },
    "productPriceWithLoyaltyCard": {
      "value": 1.19,
      "unit": "€"
    },
    "productPricePerUnitWithLoyaltyCard": {
      "value": 2.38,
      "unit": "€/l"
    },
    "imageUrl": "https://rimibaltic-res.cloudinary.com/image/upload/d_ecommerce:backend-fallback.png/MAT_1367153_PCE_LV",
    "available": true,
    "discount": 25
  },
  {
    "shop": "RIMI",
    "categories": [
      1,
      1001,
      1001001
    ],
    "productName": "Alus Mītava 5% 0,5l",
    "productPriceOld": null,
    "productPrice": {
      "value": 1.69,
      "unit": "€/gab"
    },
    "productPricePerUnit": {
      "value": 3.38,
      "unit": "€/l"
    },
    "productPriceWithLoyaltyCard": {
      "value": 1.19,
      "unit": "€"
    },
    "productPricePerUnitWithLoyaltyCard": {
      "value": 2.38,
      "unit": "€/l"
    },
    "imageUrl": "https://rimibaltic-res.cloudinary.com/image/upload/d_ecommerce:backend-fallback.png/MAT_1353215_PCE_LV",
    "available": true,
    "discount": 30
  },
  {
    "shop": "RIMI",
    "categories": [
      1,
      1001,
      1001001
    ],
    "productName": "Alus Radler Tērvete mel./smiltsērk. 2,7% 0,5l",
    "productPriceOld": null,
    "productPrice": {
      "value": 1.59,
      "unit": "€/gab"
    },
    "productPricePerUnit": {
      "value": 3.18,
      "unit": "€/l"
    },
    "productPriceWithLoyaltyCard": {
      "value": 1.19,
      "unit": "€"
    },
    "productPricePerUnitWithLoyaltyCard": {
      "value": 2.38,
      "unit": "€/l"
    },
    "imageUrl": "https://rimibaltic-res.cloudinary.com/image/upload/d_ecommerce:backend-fallback.png/MAT_1367152_PCE_LV",
    "available": true,
    "discount": 25
  },
  {
    "shop": "RIMI",
    "categories": [
      1,
      1001,
      1001001
    ],
    "productName": "Alus Bauskas gaišais 4,8% 0,5l",
    "productPriceOld": null,
    "productPrice": {
      "value": 1.89,
      "unit": "€/gab"
    },
    "productPricePerUnit": {
      "value": 3.78,
      "unit": "€/l"
    },
    "productPriceWithLoyaltyCard": {
      "value": 1.19,
      "unit": "€"
    },
    "productPricePerUnitWithLoyaltyCard": {
      "value": 2.38,
      "unit": "€/l"
    },
    "imageUrl": "https://rimibaltic-res.cloudinary.com/image/upload/d_ecommerce:backend-fallback.png/MAT_461951_PCE_LV",
    "available": true,
    "discount": 37
  },
  {
    "shop": "RIMI",
    "categories": [
      1,
      1001,
      1001001
    ],
    "productName": "Alus Tērvete Vieglais 3,5% 0,5l",
    "productPriceOld": null,
    "productPrice": {
      "value": 1.55,
      "unit": "€/gab"
    },
    "productPricePerUnit": {
      "value": 3.1,
      "unit": "€/l"
    },
    "productPriceWithLoyaltyCard": {
      "value": 1.19,
      "unit": "€"
    },
    "productPricePerUnitWithLoyaltyCard": {
      "value": 2.38,
      "unit": "€/l"
    },
    "imageUrl": "https://rimibaltic-res.cloudinary.com/image/upload/d_ecommerce:backend-fallback.png/MAT_1372631_PCE_LV",
    "available": true,
    "discount": 23
  },
  {
    "shop": "MAXIMA",
    "categories": [
      1,
      1002,
      10010021
    ],
    "productName": "Gāzēts dzēriens PEPSI 0,5L D",
    "productPriceOld": null,
    "productPrice": {
      "value": 1.19,
      "unit": "€"
    },
    "productPricePerUnit": {
      "value": 2.38,
      "unit": "€/l"
    },
    "productPriceWithLoyaltyCard": null,
    "productPricePerUnitWithLoyaltyCard": null,
    "imageUrl": "https://cdn.barbora.lv/products/2bfd3c3a-f897-4a91-89a2-597d1324e327_s.png",
    "available": true,
    "discount": null
  },
  {
    "shop": "MAXIMA",
    "categories": [
      1,
      1002,
      10010023
    ],
    "productName": "Kvass PIEBALGAS ORIĢINĀLAIS 0,5L D",
    "productPriceOld": null,
    "productPrice": {
      "value": 1.19,
      "unit": "€"
    },
    "productPricePerUnit": {
      "value": 2.38,
      "unit": "€/l"
    },
    "productPriceWithLoyaltyCard": null,
    "productPricePerUnitWithLoyaltyCard": null,
    "imageUrl": "https://cdn.barbora.lv/products/08f36ad8-db74-4c1d-af88-daca7b60ee69_s.png",
    "available": true,
    "discount": null
  },
  {
    "shop": "MAXIMA",
    "categories": [
      1,
      1002,
      10010021
    ],
    "productName": "Gāzēts dzēriens PEPSI MAX 0,5L D",
    "productPriceOld": null,
    "productPrice": {
      "value": 1.19,
      "unit": "€"
    },
    "productPricePerUnit": {
      "value": 2.38,
      "unit": "€/l"
    },
    "productPriceWithLoyaltyCard": null,
    "productPricePerUnitWithLoyaltyCard": null,
    "imageUrl": "https://cdn.barbora.lv/products/0a65ebab-0410-423c-87e0-fbe04d4fbe9e_s.png",
    "available": true,
    "discount": null
  },
  {
    "shop": "MAXIMA",
    "categories": [
      1,
      1002,
      10010021
    ],
    "productName": "Gāzēts dzēriens MIRINDA 0,5L D",
    "productPriceOld": null,
    "productPrice": {
      "value": 1.19,
      "unit": "€"
    },
    "productPricePerUnit": {
      "value": 2.38,
      "unit": "€/l"
    },
    "productPriceWithLoyaltyCard": null,
    "productPricePerUnitWithLoyaltyCard": null,
    "imageUrl": "https://cdn.barbora.lv/products/ed761ae8-cf0c-4481-8fef-62916c66304f_s.png",
    "available": true,
    "discount": null
  },
  {
    "shop": "MAXIMA",
    "categories": [
      1,
      1002,
      10010021
    ],
    "productName": "Gāzēts dzēriens 7UP 500ml D",
    "productPriceOld": null,
    "productPrice": {
      "value": 1.19,
      "unit": "€"
    },
    "productPricePerUnit": {
      "value": 2.38,
      "unit": "€/l"
    },
    "productPriceWithLoyaltyCard": null,
    "productPricePerUnitWithLoyaltyCard": null,
    "imageUrl": "https://cdn.barbora.lv/products/56f180f9-ef96-4e82-a602-c700a71ea07c_s.png",
    "available": true,
    "discount": null
  },
  {
    "shop": "MAXIMA",
    "categories": [
      1,
      1002,
      10010022
    ],
    "productName": "Enerģ.dzēr.DYNAMI:T ORIGINAL 0,568L sk.D",
    "productPriceOld": null,
    "productPrice": {
      "value": 1.35,
      "unit": "€"
    },
    "productPricePerUnit": {
      "value": 2.38,
      "unit": "€/l"
    },
    "productPriceWithLoyaltyCard": null,
    "productPricePerUnitWithLoyaltyCard": null,
    "imageUrl": "https://cdn.barbora.lv/products/f3b647cf-b898-40a6-8c37-d85f3146dd79_s.png",
    "available": true,
    "discount": null
  },
  {
    "shop": "MAXIMA",
    "categories": [
      1,
      1001,
      1001002
    ],
    "productName": "Sidrs DĀRZA Cidoniju 5,5% 0,5L D",
    "productPriceOld": {
      "value": 1.35,
      "unit": "€"
    },
    "productPrice": {
      "value": 1.35,
      "unit": "€"
    },
    "productPricePerUnit": {
      "value": 2.7,
      "unit": "€/l"
    },
    "productPriceWithLoyaltyCard": {
      "value": 1.19,
      "unit": "€"
    },
    "productPricePerUnitWithLoyaltyCard": {
      "value": 2.38,
      "unit": "€/l"
    },
    "imageUrl": "https://cdn.barbora.lv/products/0a51bae8-f40e-4a30-9b65-de551c5e97d0_s.png",
    "available": true,
    "discount": 12
  },
  {
    "shop": "MAXIMA",
    "categories": [
      2,
      2001,
      2001002
    ],
    "productName": "Baltmaize Lielā galda Latvijā cepts 500g",
    "productPriceOld": {
      "value": 1.59,
      "unit": "€"
    },
    "productPrice": {
      "value": 1.19,
      "unit": "€"
    },
    "productPricePerUnit": {
      "value": 2.38,
      "unit": "€/kg"
    },
    "productPriceWithLoyaltyCard": null,
    "productPricePerUnitWithLoyaltyCard": null,
    "imageUrl": "https://cdn.barbora.lv/products/a5a62a76-0fc3-4664-8735-704d3264edad_s.png",
    "available": true,
    "discount": 25
  },
  {
    "shop": "CITRO",
    "categories": [
      1,
      1001,
      1001001
    ],
    "productName": "ALUS CĒSU PREMIUM ORIGINAL 5% 0.568L CAN",
    "productPriceOld": null,
    "productPrice": null,
    "productPricePerUnit": {
      "value": 2.38,
      "unit": "€/L"
    },
    "productPriceWithLoyaltyCard": null,
    "productPricePerUnitWithLoyaltyCard": null,
    "imageUrl": "https://rezekne.citro.lv/wp-content/uploads/2022/03/4750142004980-300x300.jpg",
    "available": true,
    "discount": null
  },
  {
    "shop": "CITRO",
    "categories": [
      1,
      1001,
      1001001
    ],
    "productName": "ALUS CĒSU PREMIUM AMBER  5% 0.568L CAN",
    "productPriceOld": null,
    "productPrice": null,
    "productPricePerUnit": {
      "value": 2.38,
      "unit": "€/L"
    },
    "productPriceWithLoyaltyCard": null,
    "productPricePerUnitWithLoyaltyCard": null,
    "imageUrl": "https://rezekne.citro.lv/wp-content/uploads/2022/05/4750142004997-300x300.jpg",
    "available": true,
    "discount": null
  },
  {
    "shop": "CITRO",
    "categories": [
      1,
      1002,
      10010022
    ],
    "productName": "ENERĢ.DZĒR. MONSTER 0.5L",
    "productPriceOld": {
      "value": 1.59,
      "unit": "€"
    },
    "productPrice": {
      "value": 1.19,
      "unit": "€"
    },
    "productPricePerUnit": {
      "value": 2.38,
      "unit": "€/L"
    },
    "productPriceWithLoyaltyCard": null,
    "productPricePerUnitWithLoyaltyCard": null,
    "imageUrl": "https://rezekne.citro.lv/wp-content/uploads/2022/04/5060896621913-300x300.jpg",
    "available": true,
    "discount": 25
  },
  {
    "shop": "CITRO",
    "categories": [
      1,
      1002,
      10010022
    ],
    "productName": "ENERĢIJAS DZĒRIENS MONSTER GREEN ZERO 0.5L",
    "productPriceOld": {
      "value": 1.59,
      "unit": "€"
    },
    "productPrice": {
      "value": 1.19,
      "unit": "€"
    },
    "productPricePerUnit": {
      "value": 2.38,
      "unit": "€/L"
    },
    "productPriceWithLoyaltyCard": null,
    "productPricePerUnitWithLoyaltyCard": null,
    "imageUrl": "https://rezekne.citro.lv/wp-content/uploads/2025/01/5061013940160_Monster-GREEN-ZERO-SUGAR-500ml-300x300.png",
    "available": true,
    "discount": 25
  },
  {
    "shop": "CITRO",
    "categories": [
      2,
      2001,
      2001003
    ],
    "productName": "TOSTERMAIZE 500G DRUVA",
    "productPriceOld": {
      "value": 1.59,
      "unit": "€"
    },
    "productPrice": {
      "value": 1.19,
      "unit": "€"
    },
    "productPricePerUnit": {
      "value": 2.38,
      "unit": "€/KG"
    },
    "productPriceWithLoyaltyCard": null,
    "productPricePerUnitWithLoyaltyCard": null,
    "imageUrl": "https://rezekne.citro.lv/wp-content/uploads/2023/11/4750212107115-300x300.webp",
    "available": true,
    "discount": 25
  },
  {
    "shop": "RIMI",
    "categories": [
      1,
      1002,
      10010020
    ],
    "productName": "Sula Selection by Rimi persiku, ābolu 1l",
    "productPriceOld": null,
    "productPrice": {
      "value": 2.99,
      "unit": "€/gab"
    },
    "productPricePerUnit": {
      "value": 2.99,
      "unit": "€/l"
    },
    "productPriceWithLoyaltyCard": {
      "value": 2.39,
      "unit": "€"
    },
    "productPricePerUnitWithLoyaltyCard": {
      "value": 2.39,
      "unit": "€/l"
    },
    "imageUrl": "https://rimibaltic-res.cloudinary.com/image/upload/d_ecommerce:backend-fallback.png/MAT_807930_PCE_LV",
    "available": true,
    "discount": 20
  },
  {
    "shop": "RIMI",
    "categories": [
      1,
      1002,
      10010020
    ],
    "productName": "Burkānu nektārs Rimi 0,33l",
    "productPriceOld": null,
    "productPrice": {
      "value": 0.79,
      "unit": "€/gab"
    },
    "productPricePerUnit": {
      "value": 2.39,
      "unit": "€/l"
    },
    "productPriceWithLoyaltyCard": null,
    "productPricePerUnitWithLoyaltyCard": null,
    "imageUrl": "https://rimibaltic-res.cloudinary.com/image/upload/d_ecommerce:backend-fallback.png/MAT_1367769_PCE_LV",
    "available": true,
    "discount": null
  },
  {
    "shop": "RIMI",
    "categories": [
      1,
      1002,
      10010027
    ],
    "productName": "Aloe dzēriens „aleo original” 1,5 l",
    "productPriceOld": null,
    "productPrice": {
      "value": 3.59,
      "unit": "€/gab"
    },
    "productPricePerUnit": {
      "value": 2.39,
      "unit": "€/l"
    },
    "productPriceWithLoyaltyCard": null,
    "productPricePerUnitWithLoyaltyCard": null,
    "imageUrl": "https://rimibaltic-res.cloudinary.com/image/upload/d_ecommerce:backend-fallback.png/MAT_1359742_PCE_LV",
    "available": true,
    "discount": null
  },
  {
    "shop": "RIMI",
    "categories": [
      1,
      1002,
      10010020
    ],
    "productName": "Sula Selection by Rimi bumbieru, ābolu 1l",
    "productPriceOld": null,
    "productPrice": {
      "value": 2.99,
      "unit": "€/gab"
    },
    "productPricePerUnit": {
      "value": 2.99,
      "unit": "€/l"
    },
    "productPriceWithLoyaltyCard": {
      "value": 2.39,
      "unit": "€"
    },
    "productPricePerUnitWithLoyaltyCard": {
      "value": 2.39,
      "unit": "€/l"
    },
    "imageUrl": "https://rimibaltic-res.cloudinary.com/image/upload/d_ecommerce:backend-fallback.png/MAT_807949_PCE_LV",
    "available": true,
    "discount": 20
  },
  {
    "shop": "RIMI",
    "categories": [
      1,
      1002,
      10010020
    ],
    "productName": "Sula Selection ābolu,apelsīnu,aprikožu 1l",
    "productPriceOld": null,
    "productPrice": {
      "value": 2.99,
      "unit": "€/gab"
    },
    "productPricePerUnit": {
      "value": 2.99,
      "unit": "€/l"
    },
    "productPriceWithLoyaltyCard": {
      "value": 2.39,
      "unit": "€"
    },
    "productPricePerUnitWithLoyaltyCard": {
      "value": 2.39,
      "unit": "€/l"
    },
    "imageUrl": "https://rimibaltic-res.cloudinary.com/image/upload/d_ecommerce:backend-fallback.png/MAT_811020_PCE_LV",
    "available": true,
    "discount": 20
  },
  {
    "shop": "RIMI",
    "categories": [
      1,
      1002,
      10010020
    ],
    "productName": "Nektārs Rimi burkānu,ābolu,persiku 0,33l",
    "productPriceOld": null,
    "productPrice": {
      "value": 0.79,
      "unit": "€/gab"
    },
    "productPricePerUnit": {
      "value": 2.39,
      "unit": "€/l"
    },
    "productPriceWithLoyaltyCard": null,
    "productPricePerUnitWithLoyaltyCard": null,
    "imageUrl": "https://rimibaltic-res.cloudinary.com/image/upload/d_ecommerce:backend-fallback.png/MAT_1367770_PCE_LV",
    "available": true,
    "discount": null
  },
  {
    "shop": "RIMI",
    "categories": [
      1,
      1002,
      10010021
    ],
    "productName": "Dzēriens Super Manki gāzēts 0,33l",
    "productPriceOld": null,
    "productPrice": {
      "value": 1.09,
      "unit": "€/gab"
    },
    "productPricePerUnit": {
      "value": 3.3,
      "unit": "€/l"
    },
    "productPriceWithLoyaltyCard": {
      "value": 0.79,
      "unit": "€"
    },
    "productPricePerUnitWithLoyaltyCard": {
      "value": 2.39,
      "unit": "€/l"
    },
    "imageUrl": "https://rimibaltic-res.cloudinary.com/image/upload/d_ecommerce:backend-fallback.png/MAT_1360130_PCE_LV",
    "available": true,
    "discount": 28
  },
  {
    "shop": "RIMI",
    "categories": [
      1,
      1002,
      10010020
    ],
    "productName": "Nektārs Rimi burkānu,ābolu,zemeņu 0,33l",
    "productPriceOld": null,
    "productPrice": {
      "value": 0.79,
      "unit": "€/gab"
    },
    "productPricePerUnit": {
      "value": 2.39,
      "unit": "€/l"
    },
    "productPriceWithLoyaltyCard": null,
    "productPricePerUnitWithLoyaltyCard": null,
    "imageUrl": "https://rimibaltic-res.cloudinary.com/image/upload/d_ecommerce:backend-fallback.png/MAT_1367772_PCE_LV",
    "available": true,
    "discount": null
  },
  {
    "shop": "RIMI",
    "categories": [
      1,
      1002,
      10010020
    ],
    "productName": "Nektārs Cido rozā greipfrūtu 1L",
    "productPriceOld": null,
    "productPrice": {
      "value": 2.39,
      "unit": "€/gab"
    },
    "productPricePerUnit": {
      "value": 2.39,
      "unit": "€/l"
    },
    "productPriceWithLoyaltyCard": null,
    "productPricePerUnitWithLoyaltyCard": null,
    "imageUrl": "https://rimibaltic-res.cloudinary.com/image/upload/d_ecommerce:backend-fallback.png/MAT_1364438_PCE_LV",
    "available": true,
    "discount": null
  },
  {
    "shop": "RIMI",
    "categories": [
      1,
      1002,
      10010020
    ],
    "productName": "Banānu nektārs Rimi 0,33l",
    "productPriceOld": null,
    "productPrice": {
      "value": 0.79,
      "unit": "€/gab"
    },
    "productPricePerUnit": {
      "value": 2.39,
      "unit": "€/l"
    },
    "productPriceWithLoyaltyCard": null,
    "productPricePerUnitWithLoyaltyCard": null,
    "imageUrl": "https://rimibaltic-res.cloudinary.com/image/upload/d_ecommerce:backend-fallback.png/MAT_1367768_PCE_LV",
    "available": true,
    "discount": null
  },
  {
    "shop": "RIMI",
    "categories": [
      1,
      1002,
      10010021
    ],
    "productName": "Gāzēts dzēriens Super Manki Banana 330ml",
    "productPriceOld": null,
    "productPrice": {
      "value": 1.09,
      "unit": "€/gab"
    },
    "productPricePerUnit": {
      "value": 3.3,
      "unit": "€/l"
    },
    "productPriceWithLoyaltyCard": {
      "value": 0.79,
      "unit": "€"
    },
    "productPricePerUnitWithLoyaltyCard": {
      "value": 2.39,
      "unit": "€/l"
    },
    "imageUrl": "https://rimibaltic-res.cloudinary.com/image/upload/d_ecommerce:backend-fallback.png/MAT_1374594_PCE_LV",
    "available": true,
    "discount": 28
  },
  {
    "shop": "MAXIMA",
    "categories": [
      1,
      1002,
      10010027
    ],
    "productName": "Dzēriens ALEO Aloe Vera Natural 1,5L D",
    "productPriceOld": null,
    "productPrice": {
      "value": 3.59,
      "unit": "€"
    },
    "productPricePerUnit": {
      "value": 2.39,
      "unit": "€/l"
    },
    "productPriceWithLoyaltyCard": null,
    "productPricePerUnitWithLoyaltyCard": null,
    "imageUrl": "https://cdn.barbora.lv/products/9e3a9706-a84a-417d-9273-a11ec235f1e3_s.png",
    "available": true,
    "discount": null
  },
  {
    "shop": "MAXIMA",
    "categories": [
      1,
      1002,
      10010020
    ],
    "productName": "Nektārs CIDO ķiršu 1L",
    "productPriceOld": null,
    "productPrice": {
      "value": 2.39,
      "unit": "€"
    },
    "productPricePerUnit": {
      "value": 2.39,
      "unit": "€/l"
    },
    "productPriceWithLoyaltyCard": null,
    "productPricePerUnitWithLoyaltyCard": null,
    "imageUrl": "https://cdn.barbora.lv/products/f439813e-3f47-445d-a1e8-879636a796c4_s.png",
    "available": true,
    "discount": null
  },
  {
    "shop": "MAXIMA",
    "categories": [
      1,
      1002,
      10010020
    ],
    "productName": "Nektārs GUTTA plūmju 1L",
    "productPriceOld": null,
    "productPrice": {
      "value": 2.39,
      "unit": "€"
    },
    "productPricePerUnit": {
      "value": 2.39,
      "unit": "€/l"
    },
    "productPriceWithLoyaltyCard": null,
    "productPricePerUnitWithLoyaltyCard": null,
    "imageUrl": "https://cdn.barbora.lv/products/4edd6510-5c28-4fcd-9162-fff7c6415ee8_s.png",
    "available": true,
    "discount": null
  },
  {
    "shop": "MAXIMA",
    "categories": [
      1,
      1001,
      1001001
    ],
    "productName": "Alus RĪGAS 4,8% 1L PET D",
    "productPriceOld": null,
    "productPrice": {
      "value": 2.39,
      "unit": "€"
    },
    "productPricePerUnit": {
      "value": 2.39,
      "unit": "€/l"
    },
    "productPriceWithLoyaltyCard": null,
    "productPricePerUnitWithLoyaltyCard": null,
    "imageUrl": "https://cdn.barbora.lv/products/ffb24169-d469-44b4-91d3-154608bbdd7c_s.png",
    "available": true,
    "discount": null
  },
  {
    "shop": "CITRO",
    "categories": [
      1,
      1001,
      1001005
    ],
    "productName": "ALK.KOKT. SHERWOOD BLACKCURRANT 4.5% 1L",
    "productPriceOld": null,
    "productPrice": null,
    "productPricePerUnit": {
      "value": 2.39,
      "unit": "€/L"
    },
    "productPriceWithLoyaltyCard": null,
    "productPricePerUnitWithLoyaltyCard": null,
    "imageUrl": "https://rezekne.citro.lv/wp-content/uploads/2022/08/4750142006298-300x300.jpg",
    "available": true,
    "discount": null
  },
  {
    "shop": "CITRO",
    "categories": [
      1,
      1001,
      1001002
    ],
    "productName": "SIDRS SHERWOOD WILD STRAWBERRY 4.5% 1L PET",
    "productPriceOld": null,
    "productPrice": null,
    "productPricePerUnit": {
      "value": 2.39,
      "unit": "€/L"
    },
    "productPriceWithLoyaltyCard": null,
    "productPricePerUnitWithLoyaltyCard": null,
    "imageUrl": "https://rezekne.citro.lv/wp-content/uploads/2022/03/4750142005635-300x300.jpg",
    "available": true,
    "discount": null
  },
  {
    "shop": "CITRO",
    "categories": [
      1,
      1001,
      1001005
    ],
    "productName": "ALK.KOKT. CĒSU DŽONS AR GREIPFRŪTU GARŠU 5% 1L PET",
    "productPriceOld": {
      "value": 2.99,
      "unit": "€"
    },
    "productPrice": {
      "value": 2.39,
      "unit": "€"
    },
    "productPricePerUnit": {
      "value": 2.39,
      "unit": "€/L"
    },
    "productPriceWithLoyaltyCard": null,
    "productPricePerUnitWithLoyaltyCard": null,
    "imageUrl": "https://rezekne.citro.lv/wp-content/uploads/2023/08/4750142005703-300x300.jpg",
    "available": true,
    "discount": 20
  },
  {
    "shop": "CITRO",
    "categories": [
      1,
      1001,
      1001005
    ],
    "productName": "ALK.KOKT. CĒSU DŽONS AR GREIPFRŪTU GARŠU 5% 1L PET",
    "productPriceOld": {
      "value": 2.99,
      "unit": "€"
    },
    "productPrice": {
      "value": 2.39,
      "unit": "€"
    },
    "productPricePerUnit": {
      "value": 2.39,
      "unit": "€/L"
    },
    "productPriceWithLoyaltyCard": null,
    "productPricePerUnitWithLoyaltyCard": null,
    "imageUrl": "https://rezekne.citro.lv/wp-content/uploads/2023/08/4750142005703-300x300.jpg",
    "available": true,
    "discount": 20
  },
  {
    "shop": "CITRO",
    "categories": [
      1,
      1001,
      1001001
    ],
    "productName": "ALK. KOKT. CĒSU DŽONS PINK PANDA 5%1L CĒSU ALUS",
    "productPriceOld": {
      "value": 2.99,
      "unit": "€"
    },
    "productPrice": {
      "value": 2.39,
      "unit": "€"
    },
    "productPricePerUnit": {
      "value": 2.39,
      "unit": "€/L"
    },
    "productPriceWithLoyaltyCard": null,
    "productPricePerUnitWithLoyaltyCard": null,
    "imageUrl": "https://rezekne.citro.lv/wp-content/uploads/2024/10/4750142007530-300x300.jpg",
    "available": true,
    "discount": 20
  },
  {
    "shop": "CITRO",
    "categories": [
      1,
      1001,
      1001001
    ],
    "productName": "ALK. KOKT. CĒSU DŽONS PINK PANDA 5%1L CĒSU ALUS",
    "productPriceOld": {
      "value": 2.99,
      "unit": "€"
    },
    "productPrice": {
      "value": 2.39,
      "unit": "€"
    },
    "productPricePerUnit": {
      "value": 2.39,
      "unit": "€/L"
    },
    "productPriceWithLoyaltyCard": null,
    "productPricePerUnitWithLoyaltyCard": null,
    "imageUrl": "https://rezekne.citro.lv/wp-content/uploads/2024/10/4750142007530-300x300.jpg",
    "available": true,
    "discount": 20
  },
  {
    "shop": "CITRO",
    "categories": [
      1,
      1001,
      1001005
    ],
    "productName": "ALK.KOKT. CĒSU DŽONS GREEN LIME 5% 1L PET",
    "productPriceOld": {
      "value": 2.99,
      "unit": "€"
    },
    "productPrice": {
      "value": 2.39,
      "unit": "€"
    },
    "productPricePerUnit": {
      "value": 2.39,
      "unit": "€/L"
    },
    "productPriceWithLoyaltyCard": null,
    "productPricePerUnitWithLoyaltyCard": null,
    "imageUrl": "https://rezekne.citro.lv/wp-content/uploads/2023/05/4750142005710-300x300.jpg",
    "available": true,
    "discount": 20
  },
  {
    "shop": "CITRO",
    "categories": [
      1,
      1001,
      1001002
    ],
    "productName": "SIDRS SHERWOOD RASPBERRY LIME 4.5% 1L PET",
    "productPriceOld": null,
    "productPrice": null,
    "productPricePerUnit": {
      "value": 2.39,
      "unit": "€/L"
    },
    "productPriceWithLoyaltyCard": null,
    "productPricePerUnitWithLoyaltyCard": null,
    "imageUrl": "https://rezekne.citro.lv/wp-content/uploads/2022/03/4750142005642-300x300.jpg",
    "available": true,
    "discount": null
  },
  {
    "shop": "MAXIMA",
    "categories": [
      1,
      1002,
      10010020
    ],
    "productName": "Sula ābolu burk.ban.kivi MIO&RIO 300ml D",
    "productPriceOld": null,
    "productPrice": {
      "value": 0.72,
      "unit": "€"
    },
    "productPricePerUnit": {
      "value": 2.4,
      "unit": "€/l"
    },
    "productPriceWithLoyaltyCard": null,
    "productPricePerUnitWithLoyaltyCard": null,
    "imageUrl": "https://cdn.barbora.lv/products/1aac0924-9857-4d6c-ab69-8af2df0b4d42_s.png",
    "available": true,
    "discount": null
  },
  {
    "shop": "MAXIMA",
    "categories": [
      1,
      1002,
      10010020
    ],
    "productName": "Sula ābolu burkānu zem.MIO&RIO 300ml D",
    "productPriceOld": null,
    "productPrice": {
      "value": 0.72,
      "unit": "€"
    },
    "productPricePerUnit": {
      "value": 2.4,
      "unit": "€/l"
    },
    "productPriceWithLoyaltyCard": null,
    "productPricePerUnitWithLoyaltyCard": null,
    "imageUrl": "https://cdn.barbora.lv/products/2ec1337d-7c0e-4c89-a3f6-397fa1f1c82d_s.png",
    "available": true,
    "discount": null
  },
  {
    "shop": "MAXIMA",
    "categories": [
      1,
      1002,
      10010020
    ],
    "productName": "Sula ābolu burk. banānu MIO&RIO 300ml D",
    "productPriceOld": null,
    "productPrice": {
      "value": 0.72,
      "unit": "€"
    },
    "productPricePerUnit": {
      "value": 2.4,
      "unit": "€/l"
    },
    "productPriceWithLoyaltyCard": null,
    "productPricePerUnitWithLoyaltyCard": null,
    "imageUrl": "https://cdn.barbora.lv/products/b1ff8868-9a00-43e4-94da-bb7652638a7e_s.png",
    "available": true,
    "discount": null
  },
  {
    "shop": "RIMI",
    "categories": [
      1,
      1002,
      10010020
    ],
    "productName": "Sula Cappy ābolu 100% 1l",
    "productPriceOld": null,
    "productPrice": {
      "value": 2.45,
      "unit": "€/gab"
    },
    "productPricePerUnit": {
      "value": 2.45,
      "unit": "€/l"
    },
    "productPriceWithLoyaltyCard": null,
    "productPricePerUnitWithLoyaltyCard": null,
    "imageUrl": "https://rimibaltic-res.cloudinary.com/image/upload/d_ecommerce:backend-fallback.png/MAT_1356013_PCE_LV",
    "available": true,
    "discount": null
  },
  {
    "shop": "RIMI",
    "categories": [
      1,
      1001,
      1001001
    ],
    "productName": "Alus Carlsberg 5% 0,568l",
    "productPriceOld": null,
    "productPrice": {
      "value": 1.85,
      "unit": "€/gab"
    },
    "productPricePerUnit": {
      "value": 3.26,
      "unit": "€/l"
    },
    "productPriceWithLoyaltyCard": {
      "value": 1.39,
      "unit": "€"
    },
    "productPricePerUnitWithLoyaltyCard": {
      "value": 2.45,
      "unit": "€/l"
    },
    "imageUrl": "https://rimibaltic-res.cloudinary.com/image/upload/d_ecommerce:backend-fallback.png/MAT_1367561_PCE_LV",
    "available": true,
    "discount": 25
  },
  {
    "shop": "MAXIMA",
    "categories": [
      1,
      1002,
      10010020
    ],
    "productName": "Sula CAPPY ābolu 100% 1L D",
    "productPriceOld": null,
    "productPrice": {
      "value": 2.45,
      "unit": "€"
    },
    "productPricePerUnit": {
      "value": 2.45,
      "unit": "€/l"
    },
    "productPriceWithLoyaltyCard": null,
    "productPricePerUnitWithLoyaltyCard": null,
    "imageUrl": "https://cdn.barbora.lv/products/bba83733-b9ed-42ed-9c12-6e1fa1456c71_s.png",
    "available": true,
    "discount": null
  },
  {
    "shop": "CITRO",
    "categories": [
      1,
      1001,
      1001001
    ],
    "productName": "ALUS CĒSU BRŪŽA NEFILTRĒTAIS 5.4% 0.568L CAN",
    "productPriceOld": null,
    "productPrice": null,
    "productPricePerUnit": {
      "value": 2.45,
      "unit": "€/L"
    },
    "productPriceWithLoyaltyCard": null,
    "productPricePerUnitWithLoyaltyCard": null,
    "imageUrl": "https://rezekne.citro.lv/wp-content/uploads/2022/02/4750142005062-300x300.jpg",
    "available": true,
    "discount": null
  },
  {
    "shop": "CITRO",
    "categories": [
      1,
      1001,
      1001001
    ],
    "productName": "ALUS CĒSU PREMIUM BOHEMIAN 4.5% 0.568L CAN",
    "productPriceOld": null,
    "productPrice": null,
    "productPricePerUnit": {
      "value": 2.45,
      "unit": "€/L"
    },
    "productPriceWithLoyaltyCard": null,
    "productPricePerUnitWithLoyaltyCard": null,
    "imageUrl": "https://rezekne.citro.lv/wp-content/uploads/2022/03/4750142005000-300x300.jpg",
    "available": true,
    "discount": null
  },
  {
    "shop": "RIMI",
    "categories": [
      1,
      1002,
      10010020
    ],
    "productName": "Mango nektārs Don Simon 1,5l",
    "productPriceOld": null,
    "productPrice": {
      "value": 3.69,
      "unit": "€/gab"
    },
    "productPricePerUnit": {
      "value": 2.46,
      "unit": "€/l"
    },
    "productPriceWithLoyaltyCard": null,
    "productPricePerUnitWithLoyaltyCard": null,
    "imageUrl": "https://rimibaltic-res.cloudinary.com/image/upload/d_ecommerce:backend-fallback.png/MAT_1373557_PCE_LV",
    "available": true,
    "discount": null
  },
  {
    "shop": "RIMI",
    "categories": [
      1,
      1002,
      10010020
    ],
    "productName": "Persiku nektārs Don Simon 1,5l",
    "productPriceOld": null,
    "productPrice": {
      "value": 3.69,
      "unit": "€/gab"
    },
    "productPricePerUnit": {
      "value": 2.46,
      "unit": "€/l"
    },
    "productPriceWithLoyaltyCard": null,
    "productPricePerUnitWithLoyaltyCard": null,
    "imageUrl": "https://rimibaltic-res.cloudinary.com/image/upload/d_ecommerce:backend-fallback.png/MAT_1373556_PCE_LV",
    "available": true,
    "discount": null
  },
  {
    "shop": "MAXIMA",
    "categories": [
      1,
      1002,
      10010020
    ],
    "productName": "Nektārs DON SIMON Mango 1,5L D",
    "productPriceOld": null,
    "productPrice": {
      "value": 3.69,
      "unit": "€"
    },
    "productPricePerUnit": {
      "value": 2.46,
      "unit": "€/l"
    },
    "productPriceWithLoyaltyCard": null,
    "productPricePerUnitWithLoyaltyCard": null,
    "imageUrl": "https://cdn.barbora.lv/products/6dde8f0e-768c-42d1-8fc7-794f0e5c2f66_s.png",
    "available": true,
    "discount": null
  },
  {
    "shop": "MAXIMA",
    "categories": [
      1,
      1002,
      10010020
    ],
    "productName": "Nektārs DON SIMON Persiku 1,5L D",
    "productPriceOld": null,
    "productPrice": {
      "value": 3.69,
      "unit": "€"
    },
    "productPricePerUnit": {
      "value": 2.46,
      "unit": "€/l"
    },
    "productPriceWithLoyaltyCard": null,
    "productPricePerUnitWithLoyaltyCard": null,
    "imageUrl": "https://cdn.barbora.lv/products/3d242fe5-a9e9-4068-9b6f-32ea498a1c46_s.png",
    "available": true,
    "discount": null
  },
  {
    "shop": "RIMI",
    "categories": [
      2,
      2001,
      20010014
    ],
    "productName": "Miežu karaša Lielezers 400g",
    "productPriceOld": null,
    "productPrice": {
      "value": 0.99,
      "unit": "€/gab"
    },
    "productPricePerUnit": {
      "value": 2.47,
      "unit": "€/kg"
    },
    "productPriceWithLoyaltyCard": null,
    "productPricePerUnitWithLoyaltyCard": null,
    "imageUrl": "https://rimibaltic-res.cloudinary.com/image/upload/d_ecommerce:backend-fallback.png/MAT_4002582_PCE_LV",
    "available": true,
    "discount": null
  },
  {
    "shop": "RIMI",
    "categories": [
      1,
      1002,
      10010024
    ],
    "productName": "Dabīgs minerālūdens Hohes C Energy 0,75l",
    "productPriceOld": null,
    "productPrice": {
      "value": 1.85,
      "unit": "€/gab"
    },
    "productPricePerUnit": {
      "value": 2.47,
      "unit": "€/l"
    },
    "productPriceWithLoyaltyCard": null,
    "productPricePerUnitWithLoyaltyCard": null,
    "imageUrl": "https://rimibaltic-res.cloudinary.com/image/upload/d_ecommerce:backend-fallback.png/MAT_1373156_PCE_LV",
    "available": true,
    "discount": null
  },
  {
    "shop": "RIMI",
    "categories": [
      1,
      1002,
      10010024
    ],
    "productName": "Dabīgs minerālūdens Hohes C Energy 0,75l",
    "productPriceOld": null,
    "productPrice": {
      "value": 1.85,
      "unit": "€/gab"
    },
    "productPricePerUnit": {
      "value": 2.47,
      "unit": "€/l"
    },
    "productPriceWithLoyaltyCard": null,
    "productPricePerUnitWithLoyaltyCard": null,
    "imageUrl": "https://rimibaltic-res.cloudinary.com/image/upload/d_ecommerce:backend-fallback.png/MAT_1373156_PCE_LV",
    "available": true,
    "discount": null
  },
  {
    "shop": "MAXIMA",
    "categories": [
      1,
      1002,
      10010027
    ],
    "productName": "Dzēriens HOHES C Antiox 0,75L D",
    "productPriceOld": null,
    "productPrice": {
      "value": 1.85,
      "unit": "€"
    },
    "productPricePerUnit": {
      "value": 2.47,
      "unit": "€/l"
    },
    "productPriceWithLoyaltyCard": null,
    "productPricePerUnitWithLoyaltyCard": null,
    "imageUrl": "https://cdn.barbora.lv/products/7c279dba-697b-4072-b47d-66a0e5a7c7e1_s.png",
    "available": true,
    "discount": null
  },
  {
    "shop": "MAXIMA",
    "categories": [
      1,
      1002,
      10010027
    ],
    "productName": "Dzēriens HOHES C Immun 0,75L D",
    "productPriceOld": null,
    "productPrice": {
      "value": 1.85,
      "unit": "€"
    },
    "productPricePerUnit": {
      "value": 2.47,
      "unit": "€/l"
    },
    "productPriceWithLoyaltyCard": null,
    "productPricePerUnitWithLoyaltyCard": null,
    "imageUrl": "https://cdn.barbora.lv/products/7b59bfe3-67c0-48f8-82a6-78c254dc3364_s.png",
    "available": true,
    "discount": null
  },
  {
    "shop": "MAXIMA",
    "categories": [
      1,
      1002,
      10010020
    ],
    "productName": "Nektārs CIDO upeņu-ābolu 1L",
    "productPriceOld": null,
    "productPrice": {
      "value": 2.47,
      "unit": "€"
    },
    "productPricePerUnit": {
      "value": 2.47,
      "unit": "€/l"
    },
    "productPriceWithLoyaltyCard": null,
    "productPricePerUnitWithLoyaltyCard": null,
    "imageUrl": "https://cdn.barbora.lv/products/a8fdf966-6f19-4261-b56a-d6160c9086d1_s.png",
    "available": true,
    "discount": null
  },
  {
    "shop": "MAXIMA",
    "categories": [
      1,
      1002,
      10010020
    ],
    "productName": "Nektārs GUTTA multiaugļu 1L",
    "productPriceOld": null,
    "productPrice": {
      "value": 2.47,
      "unit": "€"
    },
    "productPricePerUnit": {
      "value": 2.47,
      "unit": "€/l"
    },
    "productPriceWithLoyaltyCard": null,
    "productPricePerUnitWithLoyaltyCard": null,
    "imageUrl": "https://cdn.barbora.lv/products/17b6ae14-774a-407f-a12b-9b26608fcef6_s.png",
    "available": true,
    "discount": null
  },
  {
    "shop": "MAXIMA",
    "categories": [
      2,
      2001,
      2001002
    ],
    "productName": "Baltmaize Galda Latvijā cepts 300g",
    "productPriceOld": {
      "value": 0.99,
      "unit": "€"
    },
    "productPrice": {
      "value": 0.74,
      "unit": "€"
    },
    "productPricePerUnit": {
      "value": 2.47,
      "unit": "€/kg"
    },
    "productPriceWithLoyaltyCard": null,
    "productPricePerUnitWithLoyaltyCard": null,
    "imageUrl": "https://cdn.barbora.lv/products/c2a0f393-ad72-475f-9c4a-61923ffaa63b_s.png",
    "available": true,
    "discount": 25
  },
  {
    "shop": "MAXIMA",
    "categories": [
      1,
      1002,
      10010024
    ],
    "productName": "Minerālūdens S.PELLEGRINO gāzēts 0,5L D",
    "productPriceOld": null,
    "productPrice": {
      "value": 1.24,
      "unit": "€"
    },
    "productPricePerUnit": {
      "value": 2.48,
      "unit": "€/l"
    },
    "productPriceWithLoyaltyCard": null,
    "productPricePerUnitWithLoyaltyCard": null,
    "imageUrl": "https://cdn.barbora.lv/products/8b749c08-e867-42d2-b54e-e325be8024a3_s.png",
    "available": true,
    "discount": null
  },
  {
    "shop": "MAXIMA",
    "categories": [
      1,
      1001,
      1001001
    ],
    "productName": "Alus CĒSU PREMIUM Bohem.4,5% 0,568L sk.D",
    "productPriceOld": null,
    "productPrice": {
      "value": 1.41,
      "unit": "€"
    },
    "productPricePerUnit": {
      "value": 2.48,
      "unit": "€/l"
    },
    "productPriceWithLoyaltyCard": null,
    "productPricePerUnitWithLoyaltyCard": null,
    "imageUrl": "https://cdn.barbora.lv/products/56a8240c-780f-42d1-9bc9-40dcc9c40996_s.png",
    "available": true,
    "discount": null
  },
  {
    "shop": "CITRO",
    "categories": [
      2,
      2001,
      2001004
    ],
    "productName": "MAIZE RUDZU IESALA LIELMAIZE 600G",
    "productPriceOld": {
      "value": 2.49,
      "unit": "€"
    },
    "productPrice": {
      "value": 1.49,
      "unit": "€"
    },
    "productPricePerUnit": {
      "value": 2.48,
      "unit": "€/KG"
    },
    "productPriceWithLoyaltyCard": null,
    "productPricePerUnitWithLoyaltyCard": null,
    "imageUrl": "https://rezekne.citro.lv/wp-content/uploads/2023/11/4750192733212-300x300.png",
    "available": true,
    "discount": 40
  },
  {
    "shop": "RIMI",
    "categories": [
      1,
      1002,
      10010020
    ],
    "productName": "Sula ābolu Tymbark 1L",
    "productPriceOld": null,
    "productPrice": {
      "value": 2.49,
      "unit": "€/gab"
    },
    "productPricePerUnit": {
      "value": 2.49,
      "unit": "€/l"
    },
    "productPriceWithLoyaltyCard": null,
    "productPricePerUnitWithLoyaltyCard": null,
    "imageUrl": "https://rimibaltic-res.cloudinary.com/image/upload/d_ecommerce:backend-fallback.png/MAT_1356388_PCE_LV",
    "available": true,
    "discount": null
  },
  {
    "shop": "RIMI",
    "categories": [
      1,
      1002,
      10010020
    ],
    "productName": "Apelsīnu un mango nektārs Rimi 50% 1l",
    "productPriceOld": null,
    "productPrice": {
      "value": 2.49,
      "unit": "€/gab"
    },
    "productPricePerUnit": {
      "value": 2.49,
      "unit": "€/l"
    },
    "productPriceWithLoyaltyCard": null,
    "productPricePerUnitWithLoyaltyCard": null,
    "imageUrl": "https://rimibaltic-res.cloudinary.com/image/upload/d_ecommerce:backend-fallback.png/MAT_815161_PCE_LV",
    "available": true,
    "discount": null
  },
  {
    "shop": "MAXIMA",
    "categories": [
      1,
      1002,
      10010020
    ],
    "productName": "Sula GRANINI tomātu 1L D",
    "productPriceOld": {
      "value": 3.29,
      "unit": "€"
    },
    "productPrice": {
      "value": 3.29,
      "unit": "€"
    },
    "productPricePerUnit": {
      "value": 3.29,
      "unit": "€/l"
    },
    "productPriceWithLoyaltyCard": {
      "value": 2.49,
      "unit": "€"
    },
    "productPricePerUnitWithLoyaltyCard": {
      "value": 2.49,
      "unit": "€/l"
    },
    "imageUrl": "https://cdn.barbora.lv/products/bac1a620-9fd2-4710-af77-97d6b150f9fe_s.png",
    "available": true,
    "discount": 24
  },
  {
    "shop": "MAXIMA",
    "categories": [
      1,
      1002,
      10010020
    ],
    "productName": "Sula TYMBARK ābolu 100% 1L",
    "productPriceOld": null,
    "productPrice": {
      "value": 2.49,
      "unit": "€"
    },
    "productPricePerUnit": {
      "value": 2.49,
      "unit": "€/l"
    },
    "productPriceWithLoyaltyCard": null,
    "productPricePerUnitWithLoyaltyCard": null,
    "imageUrl": "https://cdn.barbora.lv/products/f2b3a855-a9e3-4fd1-b426-a2647ccbbda2_s.png",
    "available": true,
    "discount": null
  },
  {
    "shop": "MAXIMA",
    "categories": [
      1,
      1002,
      10010020
    ],
    "productName": "Sula CIDO apelsīnu-acerolas imun. 1L",
    "productPriceOld": null,
    "productPrice": {
      "value": 2.49,
      "unit": "€"
    },
    "productPricePerUnit": {
      "value": 2.49,
      "unit": "€/l"
    },
    "productPriceWithLoyaltyCard": null,
    "productPricePerUnitWithLoyaltyCard": null,
    "imageUrl": "https://cdn.barbora.lv/products/ecdb3bdf-619a-408a-8b1b-a9a49c03b4ff_s.png",
    "available": true,
    "discount": null
  },
  {
    "shop": "MAXIMA",
    "categories": [
      1,
      1002,
      10010020
    ],
    "productName": "Sula MIO&RIO apelsīnu 1L",
    "productPriceOld": null,
    "productPrice": {
      "value": 2.49,
      "unit": "€"
    },
    "productPricePerUnit": {
      "value": 2.49,
      "unit": "€/l"
    },
    "productPriceWithLoyaltyCard": null,
    "productPricePerUnitWithLoyaltyCard": null,
    "imageUrl": "https://cdn.barbora.lv/products/f5649b33-bb6c-44ce-9b13-36a67d3debd1_s.png",
    "available": true,
    "discount": null
  },
  {
    "shop": "MAXIMA",
    "categories": [
      1,
      1001,
      1001001
    ],
    "productName": "Alus dzēr. SHERW. zemeņu 4,5% 1L PET D",
    "productPriceOld": null,
    "productPrice": {
      "value": 2.49,
      "unit": "€"
    },
    "productPricePerUnit": {
      "value": 2.49,
      "unit": "€/l"
    },
    "productPriceWithLoyaltyCard": null,
    "productPricePerUnitWithLoyaltyCard": null,
    "imageUrl": "https://cdn.barbora.lv/products/ee28d06b-e8de-4dc8-92e4-d8e787e3a56e_s.png",
    "available": true,
    "discount": null
  },
  {
    "shop": "MAXIMA",
    "categories": [
      1,
      1001,
      1001001
    ],
    "productName": "Alus dzēr.SHERWOOD av.laim.4,5% 1L PET D",
    "productPriceOld": null,
    "productPrice": {
      "value": 2.49,
      "unit": "€"
    },
    "productPricePerUnit": {
      "value": 2.49,
      "unit": "€/l"
    },
    "productPriceWithLoyaltyCard": null,
    "productPricePerUnitWithLoyaltyCard": null,
    "imageUrl": "https://cdn.barbora.lv/products/e033d826-9136-4663-9957-e8b5f9520a56_s.png",
    "available": true,
    "discount": null
  },
  {
    "shop": "MAXIMA",
    "categories": [
      2,
      2001,
      2001004
    ],
    "productName": "Rudzu maize DRUVA SPĒKAVOTA 390g",
    "productPriceOld": {
      "value": 1.29,
      "unit": "€"
    },
    "productPrice": {
      "value": 0.97,
      "unit": "€"
    },
    "productPricePerUnit": {
      "value": 2.49,
      "unit": "€/kg"
    },
    "productPriceWithLoyaltyCard": null,
    "productPricePerUnitWithLoyaltyCard": null,
    "imageUrl": "https://cdn.barbora.lv/products/b5bbffa0-6829-4412-b99c-fc8816d6f96e_s.png",
    "available": true,
    "discount": 25
  },
  {
    "shop": "CITRO",
    "categories": [
      2,
      2001,
      2001004
    ],
    "productName": "MAIZE RUDZU KURŠU SĒKLU 800G HM",
    "productPriceOld": null,
    "productPrice": null,
    "productPricePerUnit": {
      "value": 2.49,
      "unit": "€/KG"
    },
    "productPriceWithLoyaltyCard": null,
    "productPricePerUnitWithLoyaltyCard": null,
    "imageUrl": "https://rezekne.citro.lv/wp-content/uploads/2020/07/4750038321528-300x300.jpg",
    "available": true,
    "discount": null
  },
  {
    "shop": "RIMI",
    "categories": [
      2,
      2001,
      2001002
    ],
    "productName": "Baltmaize Galda sagriezta 300g",
    "productPriceOld": {
      "value": 0.99,
      "unit": "€"
    },
    "productPrice": {
      "value": 0.75,
      "unit": "€/gab"
    },
    "productPricePerUnit": {
      "value": 2.5,
      "unit": "€/kg"
    },
    "productPriceWithLoyaltyCard": null,
    "productPricePerUnitWithLoyaltyCard": null,
    "imageUrl": "https://rimibaltic-res.cloudinary.com/image/upload/d_ecommerce:backend-fallback.png/MAT_283333_PCE_LV",
    "available": true,
    "discount": 24
  },
  {
    "shop": "RIMI",
    "categories": [
      1,
      1002,
      10010026
    ],
    "productName": "Fuze tēja ar persiku un karkādes garšu 500ml",
    "productPriceOld": null,
    "productPrice": {
      "value": 1.25,
      "unit": "€/gab"
    },
    "productPricePerUnit": {
      "value": 2.5,
      "unit": "€/l"
    },
    "productPriceWithLoyaltyCard": null,
    "productPricePerUnitWithLoyaltyCard": null,
    "imageUrl": "https://rimibaltic-res.cloudinary.com/image/upload/d_ecommerce:backend-fallback.png/MAT_1363235_PCE_LV",
    "available": true,
    "discount": null
  },
  {
    "shop": "RIMI",
    "categories": [
      1,
      1002,
      10010026
    ],
    "productName": "Fuze zaļā tēja ar citrusu 500ml",
    "productPriceOld": null,
    "productPrice": {
      "value": 1.25,
      "unit": "€/gab"
    },
    "productPricePerUnit": {
      "value": 2.5,
      "unit": "€/l"
    },
    "productPriceWithLoyaltyCard": null,
    "productPricePerUnitWithLoyaltyCard": null,
    "imageUrl": "https://rimibaltic-res.cloudinary.com/image/upload/d_ecommerce:backend-fallback.png/MAT_1363220_PCE_LV",
    "available": true,
    "discount": null
  },
  {
    "shop": "RIMI",
    "categories": [
      1,
      1001,
      1001001
    ],
    "productName": "Alus Mežpils tradicionālais 5,1% 0,5l",
    "productPriceOld": null,
    "productPrice": {
      "value": 1.25,
      "unit": "€/gab"
    },
    "productPricePerUnit": {
      "value": 2.5,
      "unit": "€/l"
    },
    "productPriceWithLoyaltyCard": null,
    "productPricePerUnitWithLoyaltyCard": null,
    "imageUrl": "https://rimibaltic-res.cloudinary.com/image/upload/d_ecommerce:backend-fallback.png/MAT_1363488_PCE_LV",
    "available": true,
    "discount": null
  },
  {
    "shop": "RIMI",
    "categories": [
      1,
      1001,
      1001001
    ],
    "productName": "Alus Mežpils tradicionālais 5,1% 4x0,5l",
    "productPriceOld": null,
    "productPrice": {
      "value": 4.99,
      "unit": "€/gab"
    },
    "productPricePerUnit": {
      "value": 2.5,
      "unit": "€/l"
    },
    "productPriceWithLoyaltyCard": null,
    "productPricePerUnitWithLoyaltyCard": null,
    "imageUrl": "https://rimibaltic-res.cloudinary.com/image/upload/d_ecommerce:backend-fallback.png/MAT_1364256_PCE_LV",
    "available": true,
    "discount": null
  },
  {
    "shop": "MAXIMA",
    "categories": [
      1,
      1002,
      10010026
    ],
    "productName": "Ledus tēja FUZETEA persiku-hibisks 0,5L D",
    "productPriceOld": null,
    "productPrice": {
      "value": 1.25,
      "unit": "€"
    },
    "productPricePerUnit": {
      "value": 2.5,
      "unit": "€/l"
    },
    "productPriceWithLoyaltyCard": null,
    "productPricePerUnitWithLoyaltyCard": null,
    "imageUrl": "https://cdn.barbora.lv/products/4d75ba2f-35cf-4a7d-9df9-48d9a143cc74_s.png",
    "available": true,
    "discount": null
  },
  {
    "shop": "MAXIMA",
    "categories": [
      1,
      1002,
      10010026
    ],
    "productName": "Ledus tēja FUZETEA citrona-citronzāles 0,5L D",
    "productPriceOld": null,
    "productPrice": {
      "value": 1.25,
      "unit": "€"
    },
    "productPricePerUnit": {
      "value": 2.5,
      "unit": "€/l"
    },
    "productPriceWithLoyaltyCard": null,
    "productPricePerUnitWithLoyaltyCard": null,
    "imageUrl": "https://cdn.barbora.lv/products/199c3ef6-b68f-45b7-a2d6-9372cbbc1273_s.png",
    "available": true,
    "discount": null
  },
  {
    "shop": "MAXIMA",
    "categories": [
      1,
      1001,
      1001001
    ],
    "productName": "Alus TĒRVETES SENČU gaišais 4,5% 0,5L D",
    "productPriceOld": {
      "value": 1.51,
      "unit": "€"
    },
    "productPrice": {
      "value": 1.51,
      "unit": "€"
    },
    "productPricePerUnit": {
      "value": 3.02,
      "unit": "€/l"
    },
    "productPriceWithLoyaltyCard": {
      "value": 1.25,
      "unit": "€"
    },
    "productPricePerUnitWithLoyaltyCard": {
      "value": 2.5,
      "unit": "€/l"
    },
    "imageUrl": "https://cdn.barbora.lv/products/ecbdd160-58bf-4bf4-a76c-529ac63a9a62_s.png",
    "available": true,
    "discount": 17
  },
  {
    "shop": "MAXIMA",
    "categories": [
      1,
      1001,
      1001001
    ],
    "productName": "Alus CĒSU PREMIUM PINT 5% 0,568L D",
    "productPriceOld": null,
    "productPrice": {
      "value": 1.42,
      "unit": "€"
    },
    "productPricePerUnit": {
      "value": 2.5,
      "unit": "€/l"
    },
    "productPriceWithLoyaltyCard": null,
    "productPricePerUnitWithLoyaltyCard": null,
    "imageUrl": "https://cdn.barbora.lv/products/98dd424e-28c7-45ef-9bfa-2a99c652d4e7_s.png",
    "available": true,
    "discount": null
  },
  {
    "shop": "MAXIMA",
    "categories": [
      1,
      1001,
      1001001
    ],
    "productName": "Alus CĒSU PREMIUM AMBER 5% 0,568L D",
    "productPriceOld": null,
    "productPrice": {
      "value": 1.42,
      "unit": "€"
    },
    "productPricePerUnit": {
      "value": 2.5,
      "unit": "€/l"
    },
    "productPriceWithLoyaltyCard": null,
    "productPricePerUnitWithLoyaltyCard": null,
    "imageUrl": "https://cdn.barbora.lv/products/e0152055-c39b-4b44-be69-f761566a840f_s.png",
    "available": true,
    "discount": null
  },
  {
    "shop": "MAXIMA",
    "categories": [
      1,
      1001,
      1001001
    ],
    "productName": "Alus CĒSU PREM.AMBER 5% 0,568L skārd.D",
    "productPriceOld": null,
    "productPrice": {
      "value": 1.42,
      "unit": "€"
    },
    "productPricePerUnit": {
      "value": 2.5,
      "unit": "€/l"
    },
    "productPriceWithLoyaltyCard": null,
    "productPricePerUnitWithLoyaltyCard": null,
    "imageUrl": "https://cdn.barbora.lv/products/14f49358-b047-43b4-9418-def589283803_s.png",
    "available": true,
    "discount": null
  },
  {
    "shop": "CITRO",
    "categories": [
      1,
      1001,
      1001001
    ],
    "productName": "ALUS STAROPRAMEN PREMIUM BUNDŽA 5% 0.5L",
    "productPriceOld": {
      "value": 1.45,
      "unit": "€"
    },
    "productPrice": {
      "value": 1.25,
      "unit": "€"
    },
    "productPricePerUnit": {
      "value": 2.5,
      "unit": "€/L"
    },
    "productPriceWithLoyaltyCard": null,
    "productPricePerUnitWithLoyaltyCard": null,
    "imageUrl": "https://rezekne.citro.lv/wp-content/uploads/2024/01/8593868000050-300x300.jpg",
    "available": true,
    "discount": 14
  },
  {
    "shop": "CITRO",
    "categories": [
      1,
      1002,
      10010023
    ],
    "productName": "KVASS TĒRVETES GODU 0.5L STIKLS",
    "productPriceOld": null,
    "productPrice": null,
    "productPricePerUnit": {
      "value": 2.5,
      "unit": "€/L"
    },
    "productPriceWithLoyaltyCard": null,
    "productPricePerUnitWithLoyaltyCard": null,
    "imageUrl": "https://rezekne.citro.lv/wp-content/uploads/2023/03/4750440000776-e1677750001674-300x300.png",
    "available": true,
    "discount": null
  },
  {
    "shop": "MAXIMA",
    "categories": [
      1,
      1001,
      1001001
    ],
    "productName": "Alus BRĀLIS senču 4,0% 1L PET D",
    "productPriceOld": null,
    "productPrice": {
      "value": 2.51,
      "unit": "€"
    },
    "productPricePerUnit": {
      "value": 2.51,
      "unit": "€/l"
    },
    "productPriceWithLoyaltyCard": null,
    "productPricePerUnitWithLoyaltyCard": null,
    "imageUrl": "https://cdn.barbora.lv/products/7e8b0f46-801a-436e-837d-2145fc672a7d_s.png",
    "available": true,
    "discount": null
  },
  {
    "shop": "MAXIMA",
    "categories": [
      1,
      1002,
      10010020
    ],
    "productName": "Sulas dzēriens LIMPA multiaugļu 0,25L",
    "productPriceOld": null,
    "productPrice": {
      "value": 0.63,
      "unit": "€"
    },
    "productPricePerUnit": {
      "value": 2.52,
      "unit": "€/l"
    },
    "productPriceWithLoyaltyCard": null,
    "productPricePerUnitWithLoyaltyCard": null,
    "imageUrl": "https://cdn.barbora.lv/products/6a50b3d0-a0e6-43e0-be50-4daae753e9cd_s.png",
    "available": true,
    "discount": null
  },
  {
    "shop": "MAXIMA",
    "categories": [
      1,
      1002,
      10010020
    ],
    "productName": "Sulas dzēriens LIMPA zemeņu 0,25L",
    "productPriceOld": null,
    "productPrice": {
      "value": 0.63,
      "unit": "€"
    },
    "productPricePerUnit": {
      "value": 2.52,
      "unit": "€/l"
    },
    "productPriceWithLoyaltyCard": null,
    "productPricePerUnitWithLoyaltyCard": null,
    "imageUrl": "https://cdn.barbora.lv/products/efd4a491-e2d2-4db1-99cc-cc519ab4462f_s.png",
    "available": true,
    "discount": null
  },
  {
    "shop": "MAXIMA",
    "categories": [
      1,
      1002,
      10010020
    ],
    "productName": "Sulas dzēriens LIMPA ābolu-ķiršu 0,25L",
    "productPriceOld": null,
    "productPrice": {
      "value": 0.63,
      "unit": "€"
    },
    "productPricePerUnit": {
      "value": 2.52,
      "unit": "€/l"
    },
    "productPriceWithLoyaltyCard": null,
    "productPricePerUnitWithLoyaltyCard": null,
    "imageUrl": "https://cdn.barbora.lv/products/8d3b84ca-dfdf-4f84-93e8-6eb239d16c10_s.png",
    "available": true,
    "discount": null
  },
  {
    "shop": "RIMI",
    "categories": [
      2,
      2001,
      2001002
    ],
    "productName": "Baltmaize Zeltene Dienišķā 550g",
    "productPriceOld": {
      "value": 1.99,
      "unit": "€"
    },
    "productPrice": {
      "value": 1.39,
      "unit": "€/gab"
    },
    "productPricePerUnit": {
      "value": 2.53,
      "unit": "€/kg"
    },
    "productPriceWithLoyaltyCard": null,
    "productPricePerUnitWithLoyaltyCard": null,
    "imageUrl": "https://rimibaltic-res.cloudinary.com/image/upload/d_ecommerce:backend-fallback.png/MAT_921133_PCE_LV",
    "available": true,
    "discount": 30
  },
  {
    "shop": "CITRO",
    "categories": [
      2,
      2001,
      2001002
    ],
    "productName": "BALTMAIZE LIELĀ DIENIŠĶĀ 550G LATVIJASM",
    "productPriceOld": {
      "value": 1.79,
      "unit": "€"
    },
    "productPrice": {
      "value": 1.39,
      "unit": "€"
    },
    "productPricePerUnit": {
      "value": 2.53,
      "unit": "€/KG"
    },
    "productPriceWithLoyaltyCard": null,
    "productPricePerUnitWithLoyaltyCard": null,
    "imageUrl": "https://rezekne.citro.lv/wp-content/uploads/2024/01/4750192751582-300x300.jpg",
    "available": true,
    "discount": 22
  },
  {
    "shop": "RIMI",
    "categories": [
      2,
      2001,
      2001004
    ],
    "productName": "Rudzu maize Jumis 3 iesalu bez rauga 390g",
    "productPriceOld": null,
    "productPrice": {
      "value": 0.99,
      "unit": "€/gab"
    },
    "productPricePerUnit": {
      "value": 2.54,
      "unit": "€/kg"
    },
    "productPriceWithLoyaltyCard": null,
    "productPricePerUnitWithLoyaltyCard": null,
    "imageUrl": "https://rimibaltic-res.cloudinary.com/image/upload/d_ecommerce:backend-fallback.png/MAT_986826_PCE_LV",
    "available": true,
    "discount": null
  },
  {
    "shop": "RIMI",
    "categories": [
      2,
      2001,
      2001004
    ],
    "productName": "Rudzu maize Dona 650g",
    "productPriceOld": null,
    "productPrice": {
      "value": 1.65,
      "unit": "€/gab"
    },
    "productPricePerUnit": {
      "value": 2.54,
      "unit": "€/kg"
    },
    "productPriceWithLoyaltyCard": null,
    "productPricePerUnitWithLoyaltyCard": null,
    "imageUrl": "https://rimibaltic-res.cloudinary.com/image/upload/d_ecommerce:backend-fallback.png/MAT_280819_PCE_LV",
    "available": true,
    "discount": null
  },
  {
    "shop": "MAXIMA",
    "categories": [
      1,
      1002,
      10010020
    ],
    "productName": "Sula WELL DONE apelsīnu 1L",
    "productPriceOld": null,
    "productPrice": {
      "value": 2.54,
      "unit": "€"
    },
    "productPricePerUnit": {
      "value": 2.54,
      "unit": "€/l"
    },
    "productPriceWithLoyaltyCard": null,
    "productPricePerUnitWithLoyaltyCard": null,
    "imageUrl": "https://cdn.barbora.lv/products/81127b91-fd88-4902-bccc-2592c17b1b51_s.png",
    "available": true,
    "discount": null
  },
  {
    "shop": "MAXIMA",
    "categories": [
      2,
      2001,
      2001004
    ],
    "productName": "Rudzu maize DONA 650g",
    "productPriceOld": null,
    "productPrice": {
      "value": 1.65,
      "unit": "€"
    },
    "productPricePerUnit": {
      "value": 2.54,
      "unit": "€/kg"
    },
    "productPriceWithLoyaltyCard": null,
    "productPricePerUnitWithLoyaltyCard": null,
    "imageUrl": "https://cdn.barbora.lv/products/2c8dcb79-5e74-4410-b5a9-c11fc994a9f3_s.png",
    "available": true,
    "discount": null
  },
  {
    "shop": "RIMI",
    "categories": [
      1,
      1002,
      10010020
    ],
    "productName": "Nektārs Tymbark apelsīnu 1l",
    "productPriceOld": null,
    "productPrice": {
      "value": 2.55,
      "unit": "€/gab"
    },
    "productPricePerUnit": {
      "value": 2.55,
      "unit": "€/l"
    },
    "productPriceWithLoyaltyCard": null,
    "productPricePerUnitWithLoyaltyCard": null,
    "imageUrl": "https://rimibaltic-res.cloudinary.com/image/upload/d_ecommerce:backend-fallback.png/MAT_156550_PCE_LV",
    "available": true,
    "discount": null
  },
  {
    "shop": "RIMI",
    "categories": [
      1,
      1001,
      1001001
    ],
    "productName": "Alus Cēsu Premium Pinte 5% 0,568l",
    "productPriceOld": null,
    "productPrice": {
      "value": 1.45,
      "unit": "€/gab"
    },
    "productPricePerUnit": {
      "value": 2.55,
      "unit": "€/l"
    },
    "productPriceWithLoyaltyCard": null,
    "productPricePerUnitWithLoyaltyCard": null,
    "imageUrl": "https://rimibaltic-res.cloudinary.com/image/upload/d_ecommerce:backend-fallback.png/MAT_1355658_PCE_LV",
    "available": true,
    "discount": null
  },
  {
    "shop": "RIMI",
    "categories": [
      1,
      1001,
      1001001
    ],
    "productName": "Alus Cēsu Prem. Amber, bundžā 5% 0,568l",
    "productPriceOld": null,
    "productPrice": {
      "value": 1.45,
      "unit": "€/gab"
    },
    "productPricePerUnit": {
      "value": 2.55,
      "unit": "€/l"
    },
    "productPriceWithLoyaltyCard": null,
    "productPricePerUnitWithLoyaltyCard": null,
    "imageUrl": "https://rimibaltic-res.cloudinary.com/image/upload/d_ecommerce:backend-fallback.png/MAT_1356964_PCE_LV",
    "available": true,
    "discount": null
  },
  {
    "shop": "RIMI",
    "categories": [
      1,
      1001,
      1001001
    ],
    "productName": "Alus Cēsu Premium Amber 5% 0,568l",
    "productPriceOld": null,
    "productPrice": {
      "value": 1.45,
      "unit": "€/gab"
    },
    "productPricePerUnit": {
      "value": 2.55,
      "unit": "€/l"
    },
    "productPriceWithLoyaltyCard": null,
    "productPricePerUnitWithLoyaltyCard": null,
    "imageUrl": "https://rimibaltic-res.cloudinary.com/image/upload/d_ecommerce:backend-fallback.png/MAT_1356197_PCE_LV",
    "available": true,
    "discount": null
  },
  {
    "shop": "RIMI",
    "categories": [
      1,
      1001,
      1001001
    ],
    "productName": "Alus Cēsu Premium Amber 5% 0,568l",
    "productPriceOld": null,
    "productPrice": {
      "value": 1.45,
      "unit": "€/gab"
    },
    "productPricePerUnit": {
      "value": 2.55,
      "unit": "€/l"
    },
    "productPriceWithLoyaltyCard": null,
    "productPricePerUnitWithLoyaltyCard": null,
    "imageUrl": "https://rimibaltic-res.cloudinary.com/image/upload/d_ecommerce:backend-fallback.png/MAT_1356197_PCE_LV",
    "available": true,
    "discount": null
  },
  {
    "shop": "MAXIMA",
    "categories": [
      1,
      1002,
      10010020
    ],
    "productName": "Nektārs TYMBARK apelsīnu 1L",
    "productPriceOld": null,
    "productPrice": {
      "value": 2.55,
      "unit": "€"
    },
    "productPricePerUnit": {
      "value": 2.55,
      "unit": "€/l"
    },
    "productPriceWithLoyaltyCard": null,
    "productPricePerUnitWithLoyaltyCard": null,
    "imageUrl": "https://cdn.barbora.lv/products/438110ab-f36d-4299-be17-ab37859a8960_s.png",
    "available": true,
    "discount": null
  },
  {
    "shop": "CITRO",
    "categories": [
      1,
      1001,
      1001001
    ],
    "productName": "ALUS CĒSU MĪTAVA PINTE 5% 0.568L CAN",
    "productPriceOld": null,
    "productPrice": null,
    "productPricePerUnit": {
      "value": 2.55,
      "unit": "€/L"
    },
    "productPriceWithLoyaltyCard": null,
    "productPricePerUnitWithLoyaltyCard": null,
    "imageUrl": "https://rezekne.citro.lv/wp-content/uploads/2022/02/4750142005031-300x300.jpg",
    "available": true,
    "discount": null
  },
  {
    "shop": "MAXIMA",
    "categories": [
      1,
      1002,
      10010020
    ],
    "productName": "Sula GUTTA ābolu 1L",
    "productPriceOld": null,
    "productPrice": {
      "value": 2.56,
      "unit": "€"
    },
    "productPricePerUnit": {
      "value": 2.56,
      "unit": "€/l"
    },
    "productPriceWithLoyaltyCard": null,
    "productPricePerUnitWithLoyaltyCard": null,
    "imageUrl": "https://cdn.barbora.lv/products/ee564db1-1709-4de5-aa27-0d7944d1b0b7_s.png",
    "available": true,
    "discount": null
  },
  {
    "shop": "RIMI",
    "categories": [
      1,
      1001,
      1001001
    ],
    "productName": "Alus Iļģuciema Rīgas 4,8% 1l",
    "productPriceOld": null,
    "productPrice": {
      "value": 2.57,
      "unit": "€/gab"
    },
    "productPricePerUnit": {
      "value": 2.57,
      "unit": "€/l"
    },
    "productPriceWithLoyaltyCard": null,
    "productPricePerUnitWithLoyaltyCard": null,
    "imageUrl": "https://rimibaltic-res.cloudinary.com/image/upload/d_ecommerce:backend-fallback.png/MAT_1371697_PCE_LV",
    "available": true,
    "discount": null
  },
  {
    "shop": "MAXIMA",
    "categories": [
      1,
      1002,
      10010021
    ],
    "productName": "Gāz.dz.SANPELLEGRINO Mel.&Aran. 330ml D",
    "productPriceOld": {
      "value": 1.48,
      "unit": "€"
    },
    "productPrice": {
      "value": 1.48,
      "unit": "€"
    },
    "productPricePerUnit": {
      "value": 4.48,
      "unit": "€/l"
    },
    "productPriceWithLoyaltyCard": {
      "value": 0.85,
      "unit": "€"
    },
    "productPricePerUnitWithLoyaltyCard": {
      "value": 2.57,
      "unit": "€/l"
    },
    "imageUrl": "https://cdn.barbora.lv/products/78fc605b-2086-4cdb-8c19-e1cbc2e9293c_s.png",
    "available": true,
    "discount": 43
  },
  {
    "shop": "MAXIMA",
    "categories": [
      1,
      1002,
      10010021
    ],
    "productName": "Gāzēts dzēriens SANPELLEGRINO ARANCIATA ROSSA 330ml D",
    "productPriceOld": {
      "value": 1.44,
      "unit": "€"
    },
    "productPrice": {
      "value": 1.44,
      "unit": "€"
    },
    "productPricePerUnit": {
      "value": 4.36,
      "unit": "€/l"
    },
    "productPriceWithLoyaltyCard": {
      "value": 0.85,
      "unit": "€"
    },
    "productPricePerUnitWithLoyaltyCard": {
      "value": 2.57,
      "unit": "€/l"
    },
    "imageUrl": "https://cdn.barbora.lv/products/6a1c2366-b3b0-454d-a9b8-6db5e12d6481_s.png",
    "available": true,
    "discount": 41
  },
  {
    "shop": "MAXIMA",
    "categories": [
      1,
      1002,
      10010021
    ],
    "productName": "Gāz.dz.SANPELLEGRINO Pompelmo 0,33L D",
    "productPriceOld": {
      "value": 1.48,
      "unit": "€"
    },
    "productPrice": {
      "value": 1.48,
      "unit": "€"
    },
    "productPricePerUnit": {
      "value": 4.48,
      "unit": "€/l"
    },
    "productPriceWithLoyaltyCard": {
      "value": 0.85,
      "unit": "€"
    },
    "productPricePerUnitWithLoyaltyCard": {
      "value": 2.57,
      "unit": "€/l"
    },
    "imageUrl": "https://cdn.barbora.lv/products/2acc9faa-d8c2-44bc-ab7b-4c192fe968a2_s.png",
    "available": true,
    "discount": 43
  },
  {
    "shop": "RIMI",
    "categories": [
      1,
      1002,
      10010021
    ],
    "productName": "Gāzētais dzēriens Enjoy citronu-zemeņu 0,33l",
    "productPriceOld": null,
    "productPrice": {
      "value": 0.85,
      "unit": "€/gab"
    },
    "productPricePerUnit": {
      "value": 2.58,
      "unit": "€/l"
    },
    "productPriceWithLoyaltyCard": null,
    "productPricePerUnitWithLoyaltyCard": null,
    "imageUrl": "https://rimibaltic-res.cloudinary.com/image/upload/d_ecommerce:backend-fallback.png/MAT_1358978_PCE_LV",
    "available": true,
    "discount": null
  },
  {
    "shop": "RIMI",
    "categories": [
      1,
      1002,
      10010021
    ],
    "productName": "Gāzētais dzēriens Enjoy citronu-laima 0,33l",
    "productPriceOld": null,
    "productPrice": {
      "value": 0.85,
      "unit": "€/gab"
    },
    "productPricePerUnit": {
      "value": 2.58,
      "unit": "€/l"
    },
    "productPriceWithLoyaltyCard": null,
    "productPricePerUnitWithLoyaltyCard": null,
    "imageUrl": "https://rimibaltic-res.cloudinary.com/image/upload/d_ecommerce:backend-fallback.png/MAT_1358982_PCE_LV",
    "available": true,
    "discount": null
  },
  {
    "shop": "RIMI",
    "categories": [
      1,
      1002,
      10010022
    ],
    "productName": "Enerģijas dzēriens Monster Ultra 0,5l",
    "productPriceOld": null,
    "productPrice": {
      "value": 1.75,
      "unit": "€/gab"
    },
    "productPricePerUnit": {
      "value": 3.5,
      "unit": "€/l"
    },
    "productPriceWithLoyaltyCard": {
      "value": 1.29,
      "unit": "€"
    },
    "productPricePerUnitWithLoyaltyCard": {
      "value": 2.58,
      "unit": "€/l"
    },
    "imageUrl": "https://rimibaltic-res.cloudinary.com/image/upload/d_ecommerce:backend-fallback.png/MAT_1361974_PCE_LV",
    "available": true,
    "discount": 26
  },
  {
    "shop": "RIMI",
    "categories": [
      1,
      1002,
      10010022
    ],
    "productName": "Enerģijas dzēr. Monster Pipeline Punch 0.5l",
    "productPriceOld": null,
    "productPrice": {
      "value": 1.75,
      "unit": "€/gab"
    },
    "productPricePerUnit": {
      "value": 3.5,
      "unit": "€/l"
    },
    "productPriceWithLoyaltyCard": {
      "value": 1.29,
      "unit": "€"
    },
    "productPricePerUnitWithLoyaltyCard": {
      "value": 2.58,
      "unit": "€/l"
    },
    "imageUrl": "https://rimibaltic-res.cloudinary.com/image/upload/d_ecommerce:backend-fallback.png/MAT_1367006_PCE_LV",
    "available": true,
    "discount": 26
  },
  {
    "shop": "RIMI",
    "categories": [
      1,
      1002,
      10010022
    ],
    "productName": "Enerģijas dzēriens Monster Mango Loco 0,5l",
    "productPriceOld": null,
    "productPrice": {
      "value": 1.75,
      "unit": "€/gab"
    },
    "productPricePerUnit": {
      "value": 3.5,
      "unit": "€/l"
    },
    "productPriceWithLoyaltyCard": {
      "value": 1.29,
      "unit": "€"
    },
    "productPricePerUnitWithLoyaltyCard": {
      "value": 2.58,
      "unit": "€/l"
    },
    "imageUrl": "https://rimibaltic-res.cloudinary.com/image/upload/d_ecommerce:backend-fallback.png/MAT_1365350_PCE_LV",
    "available": true,
    "discount": 26
  },
  {
    "shop": "RIMI",
    "categories": [
      1,
      1002,
      10010022
    ],
    "productName": "Ener. dzēr. Monster Ultra Rosa ar sald. 500ml",
    "productPriceOld": null,
    "productPrice": {
      "value": 1.75,
      "unit": "€/gab"
    },
    "productPricePerUnit": {
      "value": 3.5,
      "unit": "€/l"
    },
    "productPriceWithLoyaltyCard": {
      "value": 1.29,
      "unit": "€"
    },
    "productPricePerUnitWithLoyaltyCard": {
      "value": 2.58,
      "unit": "€/l"
    },
    "imageUrl": "https://rimibaltic-res.cloudinary.com/image/upload/d_ecommerce:backend-fallback.png/MAT_1374656_PCE_LV",
    "available": true,
    "discount": 26
  },
  {
    "shop": "RIMI",
    "categories": [
      1,
      1003,
      1003001
    ],
    "productName": "Alus Brūža bezalkoholisks nefiltrēts 0,5l",
    "productPriceOld": null,
    "productPrice": {
      "value": 1.29,
      "unit": "€/gab"
    },
    "productPricePerUnit": {
      "value": 2.58,
      "unit": "€/l"
    },
    "productPriceWithLoyaltyCard": null,
    "productPricePerUnitWithLoyaltyCard": null,
    "imageUrl": "https://rimibaltic-res.cloudinary.com/image/upload/d_ecommerce:backend-fallback.png/MAT_1370934_PCE_LV",
    "available": true,
    "discount": null
  },
  {
    "shop": "RIMI",
    "categories": [
      1,
      1002,
      10010022
    ],
    "productName": "Enerģijas dzēr. Monster Juiced Monarch 500ml",
    "productPriceOld": null,
    "productPrice": {
      "value": 1.75,
      "unit": "€/gab"
    },
    "productPricePerUnit": {
      "value": 3.5,
      "unit": "€/l"
    },
    "productPriceWithLoyaltyCard": {
      "value": 1.29,
      "unit": "€"
    },
    "productPricePerUnitWithLoyaltyCard": {
      "value": 2.58,
      "unit": "€/l"
    },
    "imageUrl": "https://rimibaltic-res.cloudinary.com/image/upload/d_ecommerce:backend-fallback.png/MAT_1370604_PCE_LV",
    "available": true,
    "discount": 26
  },
  {
    "shop": "RIMI",
    "categories": [
      1,
      1002,
      10010022
    ],
    "productName": "Ener.dzēr.Monster Green Zero ar saldin. 500ml",
    "productPriceOld": null,
    "productPrice": {
      "value": 1.75,
      "unit": "€/gab"
    },
    "productPricePerUnit": {
      "value": 3.5,
      "unit": "€/l"
    },
    "productPriceWithLoyaltyCard": {
      "value": 1.29,
      "unit": "€"
    },
    "productPricePerUnitWithLoyaltyCard": {
      "value": 2.58,
      "unit": "€/l"
    },
    "imageUrl": "https://rimibaltic-res.cloudinary.com/image/upload/d_ecommerce:backend-fallback.png/MAT_1374017_PCE_LV",
    "available": true,
    "discount": 26
  },
  {
    "shop": "RIMI",
    "categories": [
      1,
      1002,
      10010022
    ],
    "productName": "Enerģijas dzēriens Monster 0,5l",
    "productPriceOld": null,
    "productPrice": {
      "value": 1.75,
      "unit": "€/gab"
    },
    "productPricePerUnit": {
      "value": 3.5,
      "unit": "€/l"
    },
    "productPriceWithLoyaltyCard": {
      "value": 1.29,
      "unit": "€"
    },
    "productPricePerUnitWithLoyaltyCard": {
      "value": 2.58,
      "unit": "€/l"
    },
    "imageUrl": "https://rimibaltic-res.cloudinary.com/image/upload/d_ecommerce:backend-fallback.png/MAT_1355076_PCE_LV",
    "available": true,
    "discount": 26
  },
  {
    "shop": "RIMI",
    "categories": [
      1,
      1002,
      10010022
    ],
    "productName": "Enerģijas dzēriens Monster Zero 500ml",
    "productPriceOld": null,
    "productPrice": {
      "value": 1.75,
      "unit": "€/gab"
    },
    "productPricePerUnit": {
      "value": 3.5,
      "unit": "€/l"
    },
    "productPriceWithLoyaltyCard": {
      "value": 1.29,
      "unit": "€"
    },
    "productPricePerUnitWithLoyaltyCard": {
      "value": 2.58,
      "unit": "€/l"
    },
    "imageUrl": "https://rimibaltic-res.cloudinary.com/image/upload/d_ecommerce:backend-fallback.png/MAT_1372685_PCE_LV",
    "available": true,
    "discount": 26
  },
  {
    "shop": "RIMI",
    "categories": [
      1,
      1002,
      10010022
    ],
    "productName": "Enerģ.dzēr. Monster Ultra Gold ar sald. 500ml",
    "productPriceOld": null,
    "productPrice": {
      "value": 1.75,
      "unit": "€/gab"
    },
    "productPricePerUnit": {
      "value": 3.5,
      "unit": "€/l"
    },
    "productPriceWithLoyaltyCard": {
      "value": 1.29,
      "unit": "€"
    },
    "productPricePerUnitWithLoyaltyCard": {
      "value": 2.58,
      "unit": "€/l"
    },
    "imageUrl": "https://rimibaltic-res.cloudinary.com/image/upload/d_ecommerce:backend-fallback.png/MAT_1373404_PCE_LV",
    "available": true,
    "discount": 26
  },
  {
    "shop": "RIMI",
    "categories": [
      1,
      1002,
      10010021
    ],
    "productName": "Ene.dz.Monster Aussie Lemonade ar sald. 500ml",
    "productPriceOld": null,
    "productPrice": {
      "value": 1.75,
      "unit": "€/gab"
    },
    "productPricePerUnit": {
      "value": 3.5,
      "unit": "€/l"
    },
    "productPriceWithLoyaltyCard": {
      "value": 1.29,
      "unit": "€"
    },
    "productPricePerUnitWithLoyaltyCard": {
      "value": 2.58,
      "unit": "€/l"
    },
    "imageUrl": "https://rimibaltic-res.cloudinary.com/image/upload/d_ecommerce:backend-fallback.png/MAT_1374661_PCE_LV",
    "available": true,
    "discount": 26
  },
  {
    "shop": "RIMI",
    "categories": [
      1,
      1002,
      10010021
    ],
    "productName": "Gāzēts dzēriens Enjoy ar arbūzu garšu 0,33l",
    "productPriceOld": null,
    "productPrice": {
      "value": 0.85,
      "unit": "€/gab"
    },
    "productPricePerUnit": {
      "value": 2.58,
      "unit": "€/l"
    },
    "productPriceWithLoyaltyCard": null,
    "productPricePerUnitWithLoyaltyCard": null,
    "imageUrl": "https://rimibaltic-res.cloudinary.com/image/upload/d_ecommerce:backend-fallback.png/MAT_1368168_PCE_LV",
    "available": true,
    "discount": null
  },
  {
    "shop": "RIMI",
    "categories": [
      1,
      1002,
      10010022
    ],
    "productName": "Enerģijas dzēriens Monster Ultra Fiesta 0,5l",
    "productPriceOld": null,
    "productPrice": {
      "value": 1.75,
      "unit": "€/gab"
    },
    "productPricePerUnit": {
      "value": 3.5,
      "unit": "€/l"
    },
    "productPriceWithLoyaltyCard": {
      "value": 1.29,
      "unit": "€"
    },
    "productPricePerUnitWithLoyaltyCard": {
      "value": 2.58,
      "unit": "€/l"
    },
    "imageUrl": "https://rimibaltic-res.cloudinary.com/image/upload/d_ecommerce:backend-fallback.png/MAT_1368563_PCE_LV",
    "available": true,
    "discount": 26
  },
  {
    "shop": "RIMI",
    "categories": [
      1,
      1002,
      10010022
    ],
    "productName": "Enerģijas dzēriens Monster Watermelon 500ml",
    "productPriceOld": null,
    "productPrice": {
      "value": 1.75,
      "unit": "€/gab"
    },
    "productPricePerUnit": {
      "value": 3.5,
      "unit": "€/l"
    },
    "productPriceWithLoyaltyCard": {
      "value": 1.29,
      "unit": "€"
    },
    "productPricePerUnitWithLoyaltyCard": {
      "value": 2.58,
      "unit": "€/l"
    },
    "imageUrl": "https://rimibaltic-res.cloudinary.com/image/upload/d_ecommerce:backend-fallback.png/MAT_1370616_PCE_LV",
    "available": true,
    "discount": 26
  },
  {
    "shop": "RIMI",
    "categories": [
      1,
      1001,
      1001001
    ],
    "productName": "Alus Tērvete 5,3% 6x0,5l",
    "productPriceOld": null,
    "productPrice": {
      "value": 7.74,
      "unit": "€/gab"
    },
    "productPricePerUnit": {
      "value": 2.58,
      "unit": "€/l"
    },
    "productPriceWithLoyaltyCard": null,
    "productPricePerUnitWithLoyaltyCard": null,
    "imageUrl": "https://rimibaltic-res.cloudinary.com/image/upload/d_ecommerce:backend-fallback.png/MAT_1368815_PCE_LV",
    "available": true,
    "discount": null
  },
  {
    "shop": "RIMI",
    "categories": [
      1,
      1001,
      1001001
    ],
    "productName": "Alus Staropramen premium 5% 0.5l can",
    "productPriceOld": null,
    "productPrice": {
      "value": 1.69,
      "unit": "€/gab"
    },
    "productPricePerUnit": {
      "value": 3.38,
      "unit": "€/l"
    },
    "productPriceWithLoyaltyCard": {
      "value": 1.29,
      "unit": "€"
    },
    "productPricePerUnitWithLoyaltyCard": {
      "value": 2.58,
      "unit": "€/l"
    },
    "imageUrl": "https://rimibaltic-res.cloudinary.com/image/upload/d_ecommerce:backend-fallback.png/MAT_1350748_PCE_LV",
    "available": true,
    "discount": 24
  },
  {
    "shop": "RIMI",
    "categories": [
      1,
      1001,
      1001001
    ],
    "productName": "Alus Cēsu Brūža Nefiltrētais 5,4% 0,5l",
    "productPriceOld": null,
    "productPrice": {
      "value": 1.65,
      "unit": "€/gab"
    },
    "productPricePerUnit": {
      "value": 3.3,
      "unit": "€/l"
    },
    "productPriceWithLoyaltyCard": {
      "value": 1.29,
      "unit": "€"
    },
    "productPricePerUnitWithLoyaltyCard": {
      "value": 2.58,
      "unit": "€/l"
    },
    "imageUrl": "https://rimibaltic-res.cloudinary.com/image/upload/d_ecommerce:backend-fallback.png/MAT_1357972_PCE_LV",
    "available": true,
    "discount": 22
  },
  {
    "shop": "RIMI",
    "categories": [
      1,
      1001,
      1001001
    ],
    "productName": "Alus Cēsu Brūža Samtainais 5,4% 0,5l",
    "productPriceOld": null,
    "productPrice": {
      "value": 1.65,
      "unit": "€/gab"
    },
    "productPricePerUnit": {
      "value": 3.3,
      "unit": "€/l"
    },
    "productPriceWithLoyaltyCard": {
      "value": 1.29,
      "unit": "€"
    },
    "productPricePerUnitWithLoyaltyCard": {
      "value": 2.58,
      "unit": "€/l"
    },
    "imageUrl": "https://rimibaltic-res.cloudinary.com/image/upload/d_ecommerce:backend-fallback.png/MAT_1357981_PCE_LV",
    "available": true,
    "discount": 22
  },
  {
    "shop": "MAXIMA",
    "categories": [
      1,
      1002,
      10010021
    ],
    "productName": "Gāzēts dzēriens SAN BENEDETTO Allegra 0,33L D",
    "productPriceOld": {
      "value": 1.59,
      "unit": "€"
    },
    "productPrice": {
      "value": 1.59,
      "unit": "€"
    },
    "productPricePerUnit": {
      "value": 4.82,
      "unit": "€/l"
    },
    "productPriceWithLoyaltyCard": {
      "value": 0.85,
      "unit": "€"
    },
    "productPricePerUnitWithLoyaltyCard": {
      "value": 2.58,
      "unit": "€/l"
    },
    "imageUrl": "https://cdn.barbora.lv/products/1e25d956-90d2-4b48-b3d6-949699ba3208_s.png",
    "available": true,
    "discount": 47
  },
  {
    "shop": "MAXIMA",
    "categories": [
      1,
      1002,
      10010021
    ],
    "productName": "Gāzēts dzēriens SAN BENEDETTO Limone 0,33L D",
    "productPriceOld": {
      "value": 1.59,
      "unit": "€"
    },
    "productPrice": {
      "value": 1.59,
      "unit": "€"
    },
    "productPricePerUnit": {
      "value": 4.82,
      "unit": "€/l"
    },
    "productPriceWithLoyaltyCard": {
      "value": 0.85,
      "unit": "€"
    },
    "productPricePerUnitWithLoyaltyCard": {
      "value": 2.58,
      "unit": "€/l"
    },
    "imageUrl": "https://cdn.barbora.lv/products/4425881b-6f13-4e96-abbe-e9b553ab9828_s.png",
    "available": true,
    "discount": 47
  },
  {
    "shop": "MAXIMA",
    "categories": [
      1,
      1002,
      10010021
    ],
    "productName": "Gāzēts dzēriens SANPELLEGRINO AranciaFico 0,33L D",
    "productPriceOld": {
      "value": 1.49,
      "unit": "€"
    },
    "productPrice": {
      "value": 1.49,
      "unit": "€"
    },
    "productPricePerUnit": {
      "value": 4.52,
      "unit": "€/l"
    },
    "productPriceWithLoyaltyCard": {
      "value": 0.85,
      "unit": "€"
    },
    "productPricePerUnitWithLoyaltyCard": {
      "value": 2.58,
      "unit": "€/l"
    },
    "imageUrl": "https://cdn.barbora.lv/products/b611d76d-6f73-4ddf-be05-cc804b200502_s.png",
    "available": true,
    "discount": 43
  },
  {
    "shop": "MAXIMA",
    "categories": [
      1,
      1003,
      1003001
    ],
    "productName": "Alus LĀČPLĒSIS Bezalk.0% 500ml sk.D",
    "productPriceOld": null,
    "productPrice": {
      "value": 1.29,
      "unit": "€"
    },
    "productPricePerUnit": {
      "value": 2.58,
      "unit": "€/l"
    },
    "productPriceWithLoyaltyCard": null,
    "productPricePerUnitWithLoyaltyCard": null,
    "imageUrl": "https://cdn.barbora.lv/products/d24e8974-aaf6-4bd6-88c4-0d03c3ad28f1_s.png",
    "available": true,
    "discount": null
  },
  {
    "shop": "MAXIMA",
    "categories": [
      1,
      1001,
      1001001
    ],
    "productName": "Alus LIELVĀRDES 5,2% 0,5L D",
    "productPriceOld": {
      "value": 1.98,
      "unit": "€"
    },
    "productPrice": {
      "value": 1.29,
      "unit": "€"
    },
    "productPricePerUnit": {
      "value": 2.58,
      "unit": "€/l"
    },
    "productPriceWithLoyaltyCard": null,
    "productPricePerUnitWithLoyaltyCard": null,
    "imageUrl": "https://cdn.barbora.lv/products/580ed711-d547-4e95-87b3-cb9252176ab2_s.png",
    "available": true,
    "discount": 35
  },
  {
    "shop": "CITRO",
    "categories": [
      1,
      1001,
      1001001
    ],
    "productName": "ALUS LIELVĀRDES TUMŠAIS 5% 0.5L STIKLS",
    "productPriceOld": {
      "value": 1.99,
      "unit": "€"
    },
    "productPrice": {
      "value": 1.29,
      "unit": "€"
    },
    "productPricePerUnit": {
      "value": 2.58,
      "unit": "€/L"
    },
    "productPriceWithLoyaltyCard": null,
    "productPricePerUnitWithLoyaltyCard": null,
    "imageUrl": "https://rezekne.citro.lv/wp-content/uploads/2022/08/4750132007809-300x300.jpg",
    "available": true,
    "discount": 35
  },
  {
    "shop": "CITRO",
    "categories": [
      1,
      1001,
      1001001
    ],
    "productName": "ALUS LĀČPLĒSIS GAIŠAIS 5% 0.5L STIKLS",
    "productPriceOld": null,
    "productPrice": null,
    "productPricePerUnit": {
      "value": 2.58,
      "unit": "€/L"
    },
    "productPriceWithLoyaltyCard": null,
    "productPricePerUnitWithLoyaltyCard": null,
    "imageUrl": "https://rezekne.citro.lv/wp-content/uploads/2022/04/4750132007540-300x300.jpg",
    "available": true,
    "discount": null
  },
  {
    "shop": "CITRO",
    "categories": [
      1,
      1001,
      1001001
    ],
    "productName": "ALUS PIEBALGAS 5.6% 0.5L STIKLS",
    "productPriceOld": null,
    "productPrice": null,
    "productPricePerUnit": {
      "value": 2.58,
      "unit": "€/L"
    },
    "productPriceWithLoyaltyCard": null,
    "productPricePerUnitWithLoyaltyCard": null,
    "imageUrl": "https://rezekne.citro.lv/wp-content/uploads/2022/02/4750142004645-300x300.jpg",
    "available": true,
    "discount": null
  },
  {
    "shop": "CITRO",
    "categories": [
      1,
      1002,
      10010021
    ],
    "productName": "DZĒRIENS DR PEPPER ĶIRŠU 0.33L SKĀRD.",
    "productPriceOld": null,
    "productPrice": null,
    "productPricePerUnit": {
      "value": 2.58,
      "unit": "€/L"
    },
    "productPriceWithLoyaltyCard": null,
    "productPricePerUnitWithLoyaltyCard": null,
    "imageUrl": "https://rezekne.citro.lv/wp-content/uploads/2023/02/4751039560206-arFonu-300x300.jpg",
    "available": true,
    "discount": null
  },
  {
    "shop": "CITRO",
    "categories": [
      1,
      1002,
      10010021
    ],
    "productName": "DZĒRIENS DR PEPPER 0.33L SKĀRD.",
    "productPriceOld": null,
    "productPrice": null,
    "productPricePerUnit": {
      "value": 2.58,
      "unit": "€/L"
    },
    "productPriceWithLoyaltyCard": null,
    "productPricePerUnitWithLoyaltyCard": null,
    "imageUrl": "https://rezekne.citro.lv/wp-content/uploads/2023/02/4751039560213-arFonu-300x300.jpg",
    "available": true,
    "discount": null
  },
  {
    "shop": "RIMI",
    "categories": [
      2,
      2001,
      2001004
    ],
    "productName": "Rudzu maize Īstenā bez rauga 730g",
    "productPriceOld": null,
    "productPrice": {
      "value": 1.89,
      "unit": "€/gab"
    },
    "productPricePerUnit": {
      "value": 2.59,
      "unit": "€/kg"
    },
    "productPriceWithLoyaltyCard": null,
    "productPricePerUnitWithLoyaltyCard": null,
    "imageUrl": "https://rimibaltic-res.cloudinary.com/image/upload/d_ecommerce:backend-fallback.png/MAT_920611_PCE_LV",
    "available": true,
    "discount": null
  },
  {
    "shop": "RIMI",
    "categories": [
      1,
      1002,
      10010020
    ],
    "productName": "Nektārs Cido dzērveņu 30% 1l",
    "productPriceOld": null,
    "productPrice": {
      "value": 2.59,
      "unit": "€/gab"
    },
    "productPricePerUnit": {
      "value": 2.59,
      "unit": "€/l"
    },
    "productPriceWithLoyaltyCard": null,
    "productPricePerUnitWithLoyaltyCard": null,
    "imageUrl": "https://rimibaltic-res.cloudinary.com/image/upload/d_ecommerce:backend-fallback.png/MAT_159082_PCE_LV",
    "available": true,
    "discount": null
  },
  {
    "shop": "RIMI",
    "categories": [
      1,
      1002,
      10010020
    ],
    "productName": "Nektārs Cido apelsīnu 1l",
    "productPriceOld": null,
    "productPrice": {
      "value": 2.59,
      "unit": "€/gab"
    },
    "productPricePerUnit": {
      "value": 2.59,
      "unit": "€/l"
    },
    "productPriceWithLoyaltyCard": null,
    "productPricePerUnitWithLoyaltyCard": null,
    "imageUrl": "https://rimibaltic-res.cloudinary.com/image/upload/d_ecommerce:backend-fallback.png/MAT_1016388_PCE_LV",
    "available": true,
    "discount": null
  },
  {
    "shop": "RIMI",
    "categories": [
      1,
      1002,
      10010020
    ],
    "productName": "Nektārs Cido ķiršu 1L",
    "productPriceOld": null,
    "productPrice": {
      "value": 2.59,
      "unit": "€/gab"
    },
    "productPricePerUnit": {
      "value": 2.59,
      "unit": "€/l"
    },
    "productPriceWithLoyaltyCard": null,
    "productPricePerUnitWithLoyaltyCard": null,
    "imageUrl": "https://rimibaltic-res.cloudinary.com/image/upload/d_ecommerce:backend-fallback.png/MAT_170044_PCE_LV",
    "available": true,
    "discount": null
  },
  {
    "shop": "RIMI",
    "categories": [
      1,
      1002,
      10010020
    ],
    "productName": "Dzēriens Pfanner mango, marakujas 1l",
    "productPriceOld": null,
    "productPrice": {
      "value": 2.59,
      "unit": "€/gab"
    },
    "productPricePerUnit": {
      "value": 2.59,
      "unit": "€/l"
    },
    "productPriceWithLoyaltyCard": null,
    "productPricePerUnitWithLoyaltyCard": null,
    "imageUrl": "https://rimibaltic-res.cloudinary.com/image/upload/d_ecommerce:backend-fallback.png/MAT_1370640_PCE_LV",
    "available": true,
    "discount": null
  },
  {
    "shop": "RIMI",
    "categories": [
      1,
      1002,
      10010020
    ],
    "productName": "Sula Tymbark multiaugļu, burkānu 100% 1l",
    "productPriceOld": null,
    "productPrice": {
      "value": 2.59,
      "unit": "€/gab"
    },
    "productPricePerUnit": {
      "value": 2.59,
      "unit": "€/l"
    },
    "productPriceWithLoyaltyCard": null,
    "productPricePerUnitWithLoyaltyCard": null,
    "imageUrl": "https://rimibaltic-res.cloudinary.com/image/upload/d_ecommerce:backend-fallback.png/MAT_1356890_PCE_LV",
    "available": true,
    "discount": null
  },
  {
    "shop": "RIMI",
    "categories": [
      1,
      1001,
      1001001
    ],
    "productName": "Alus dzēriens Sherwood Wild 4,5% 1l",
    "productPriceOld": null,
    "productPrice": {
      "value": 2.59,
      "unit": "€/gab"
    },
    "productPricePerUnit": {
      "value": 2.59,
      "unit": "€/l"
    },
    "productPriceWithLoyaltyCard": null,
    "productPricePerUnitWithLoyaltyCard": null,
    "imageUrl": "https://rimibaltic-res.cloudinary.com/image/upload/d_ecommerce:backend-fallback.png/MAT_7182553_PCE_LV",
    "available": true,
    "discount": null
  },
  {
    "shop": "RIMI",
    "categories": [
      1,
      1001,
      1001001
    ],
    "productName": "Alus dzēriens Sherwood Raspberry Lime 4,5% 1l",
    "productPriceOld": null,
    "productPrice": {
      "value": 2.59,
      "unit": "€/gab"
    },
    "productPricePerUnit": {
      "value": 2.59,
      "unit": "€/l"
    },
    "productPriceWithLoyaltyCard": null,
    "productPricePerUnitWithLoyaltyCard": null,
    "imageUrl": "https://rimibaltic-res.cloudinary.com/image/upload/d_ecommerce:backend-fallback.png/MAT_1363464_PCE_LV",
    "available": true,
    "discount": null
  },
  {
    "shop": "RIMI",
    "categories": [
      1,
      1001,
      1001001
    ],
    "productName": "Alus dzēriens Sherwood Zelta ābols 4,6% 1l",
    "productPriceOld": null,
    "productPrice": {
      "value": 2.59,
      "unit": "€/gab"
    },
    "productPricePerUnit": {
      "value": 2.59,
      "unit": "€/l"
    },
    "productPriceWithLoyaltyCard": null,
    "productPricePerUnitWithLoyaltyCard": null,
    "imageUrl": "https://rimibaltic-res.cloudinary.com/image/upload/d_ecommerce:backend-fallback.png/MAT_1374250_PCE_LV",
    "available": true,
    "discount": null
  },
  {
    "shop": "RIMI",
    "categories": [
      1,
      1001,
      1001001
    ],
    "productName": "Alus dzēriens Sherwood Granātābols 4,5% 1l",
    "productPriceOld": null,
    "productPrice": {
      "value": 2.59,
      "unit": "€/gab"
    },
    "productPricePerUnit": {
      "value": 2.59,
      "unit": "€/l"
    },
    "productPriceWithLoyaltyCard": null,
    "productPricePerUnitWithLoyaltyCard": null,
    "imageUrl": "https://rimibaltic-res.cloudinary.com/image/upload/d_ecommerce:backend-fallback.png/MAT_1373122_PCE_LV",
    "available": true,
    "discount": null
  },
  {
    "shop": "RIMI",
    "categories": [
      1,
      1001,
      1001001
    ],
    "productName": "Alus Miezītis nefiltrētais 5,8% 1l",
    "productPriceOld": null,
    "productPrice": {
      "value": 2.59,
      "unit": "€/gab"
    },
    "productPricePerUnit": {
      "value": 2.59,
      "unit": "€/l"
    },
    "productPriceWithLoyaltyCard": null,
    "productPricePerUnitWithLoyaltyCard": null,
    "imageUrl": "https://rimibaltic-res.cloudinary.com/image/upload/d_ecommerce:backend-fallback.png/MAT_1372414_PCE_LV",
    "available": true,
    "discount": null
  },
  {
    "shop": "MAXIMA",
    "categories": [
      1,
      1002,
      10010020
    ],
    "productName": "Sulas dzēr.CIDO Exclusive dzērveņu 1L",
    "productPriceOld": null,
    "productPrice": {
      "value": 2.59,
      "unit": "€"
    },
    "productPricePerUnit": {
      "value": 2.59,
      "unit": "€/l"
    },
    "productPriceWithLoyaltyCard": null,
    "productPricePerUnitWithLoyaltyCard": null,
    "imageUrl": "https://cdn.barbora.lv/products/067e6e06-fa1d-4004-86fb-f289261a6b07_s.png",
    "available": true,
    "discount": null
  },
  {
    "shop": "MAXIMA",
    "categories": [
      1,
      1002,
      10010020
    ],
    "productName": "Nektārs Apelsīnu CIDO 1L",
    "productPriceOld": null,
    "productPrice": {
      "value": 2.59,
      "unit": "€"
    },
    "productPricePerUnit": {
      "value": 2.59,
      "unit": "€/l"
    },
    "productPriceWithLoyaltyCard": null,
    "productPricePerUnitWithLoyaltyCard": null,
    "imageUrl": "https://cdn.barbora.lv/products/017fc309-bab8-43a7-8956-7bbf5b905505_s.png",
    "available": true,
    "discount": null
  },
  {
    "shop": "MAXIMA",
    "categories": [
      2,
      2001,
      2001004
    ],
    "productName": "Maize LATVIJAS GRAUDU rudzu 390g",
    "productPriceOld": {
      "value": 1.35,
      "unit": "€"
    },
    "productPrice": {
      "value": 1.01,
      "unit": "€"
    },
    "productPricePerUnit": {
      "value": 2.59,
      "unit": "€/kg"
    },
    "productPriceWithLoyaltyCard": null,
    "productPricePerUnitWithLoyaltyCard": null,
    "imageUrl": "https://cdn.barbora.lv/products/f999ca37-8819-4130-a66a-157ad32a6aea_s.png",
    "available": true,
    "discount": 25
  },
  {
    "shop": "CITRO",
    "categories": [
      1,
      1002,
      10010020
    ],
    "productName": "NEKTĀRS CIDO GRANĀTĀBOLU 1L",
    "productPriceOld": null,
    "productPrice": null,
    "productPricePerUnit": {
      "value": 2.59,
      "unit": "€/L"
    },
    "productPriceWithLoyaltyCard": null,
    "productPricePerUnitWithLoyaltyCard": null,
    "imageUrl": "https://rezekne.citro.lv/wp-content/uploads/2021/01/4750042303336-300x300.jpg",
    "available": true,
    "discount": null
  },
  {
    "shop": "CITRO",
    "categories": [
      1,
      1002,
      10010020
    ],
    "productName": "SULA TYMBARK APELSĪNU-BUMBIERU-PERSIKU 0.2L",
    "productPriceOld": null,
    "productPrice": null,
    "productPricePerUnit": {
      "value": 2.6,
      "unit": "€/L"
    },
    "productPriceWithLoyaltyCard": null,
    "productPricePerUnitWithLoyaltyCard": null,
    "imageUrl": "https://rezekne.citro.lv/wp-content/uploads/2024/02/5900334007360-300x300.jpg",
    "available": true,
    "discount": null
  },
  {
    "shop": "CITRO",
    "categories": [
      1,
      1002,
      10010027
    ],
    "productName": "TYMBARK ĀBOLU-ARONIJU-ĶIRŠU-ZEMEŅU DZĒR.0.2L",
    "productPriceOld": null,
    "productPrice": null,
    "productPricePerUnit": {
      "value": 2.6,
      "unit": "€/L"
    },
    "productPriceWithLoyaltyCard": null,
    "productPricePerUnitWithLoyaltyCard": null,
    "imageUrl": "https://rezekne.citro.lv/wp-content/uploads/2020/12/5900334004444-300x300.jpg",
    "available": true,
    "discount": null
  },
  {
    "shop": "CITRO",
    "categories": [
      1,
      1002,
      10010020
    ],
    "productName": "SULAS DZĒRIENS ZOO ICE BANĀNU-ZEMEŅU 0.2L",
    "productPriceOld": null,
    "productPrice": null,
    "productPricePerUnit": {
      "value": 2.6,
      "unit": "€/L"
    },
    "productPriceWithLoyaltyCard": null,
    "productPricePerUnitWithLoyaltyCard": null,
    "imageUrl": "https://rezekne.citro.lv/wp-content/uploads/2022/01/4750042304401-300x300.jpg",
    "available": true,
    "discount": null
  },
  {
    "shop": "CITRO",
    "categories": [
      1,
      1002,
      10010027
    ],
    "productName": "DZĒRIENS TYMBARK PLANES ĀBOLU UN PERSIKU 0.2L",
    "productPriceOld": null,
    "productPrice": null,
    "productPricePerUnit": {
      "value": 2.6,
      "unit": "€/L"
    },
    "productPriceWithLoyaltyCard": null,
    "productPricePerUnitWithLoyaltyCard": null,
    "imageUrl": "https://rezekne.citro.lv/wp-content/uploads/2024/02/5900334002112-300x300.jpg",
    "available": true,
    "discount": null
  },
  {
    "shop": "RIMI",
    "categories": [
      1,
      1001,
      1001001
    ],
    "productName": "Alus Cēsu Premium Bohemian 4,5% 0,568l",
    "productPriceOld": null,
    "productPrice": {
      "value": 1.49,
      "unit": "€/gab"
    },
    "productPricePerUnit": {
      "value": 2.62,
      "unit": "€/l"
    },
    "productPriceWithLoyaltyCard": null,
    "productPricePerUnitWithLoyaltyCard": null,
    "imageUrl": "https://rimibaltic-res.cloudinary.com/image/upload/d_ecommerce:backend-fallback.png/MAT_1364257_PCE_LV",
    "available": true,
    "discount": null
  },
  {
    "shop": "RIMI",
    "categories": [
      1,
      1001,
      1001001
    ],
    "productName": "Alus Lāčplēsis Dzintara 4,6% 0,568l",
    "productPriceOld": null,
    "productPrice": {
      "value": 1.49,
      "unit": "€/gab"
    },
    "productPricePerUnit": {
      "value": 2.62,
      "unit": "€/l"
    },
    "productPriceWithLoyaltyCard": null,
    "productPricePerUnitWithLoyaltyCard": null,
    "imageUrl": "https://rimibaltic-res.cloudinary.com/image/upload/d_ecommerce:backend-fallback.png/MAT_1360110_PCE_LV",
    "available": true,
    "discount": null
  },
  {
    "shop": "MAXIMA",
    "categories": [
      1,
      1002,
      10010027
    ],
    "productName": "Morss GUTTA dzērveņu 1L",
    "productPriceOld": null,
    "productPrice": {
      "value": 2.62,
      "unit": "€"
    },
    "productPricePerUnit": {
      "value": 2.62,
      "unit": "€/l"
    },
    "productPriceWithLoyaltyCard": null,
    "productPricePerUnitWithLoyaltyCard": null,
    "imageUrl": "https://cdn.barbora.lv/products/61c398f4-e630-4519-8fa9-c4cc8f31c36c_s.png",
    "available": true,
    "discount": null
  },
  {
    "shop": "MAXIMA",
    "categories": [
      1,
      1002,
      10010020
    ],
    "productName": "Sulas dzēr.TYMBARK multiaugļu-burkānu 1L",
    "productPriceOld": null,
    "productPrice": {
      "value": 2.62,
      "unit": "€"
    },
    "productPricePerUnit": {
      "value": 2.62,
      "unit": "€/l"
    },
    "productPriceWithLoyaltyCard": null,
    "productPricePerUnitWithLoyaltyCard": null,
    "imageUrl": "https://cdn.barbora.lv/products/7bc55285-0c9f-4d34-a12e-a6c0d460eb00_s.png",
    "available": true,
    "discount": null
  },
  {
    "shop": "MAXIMA",
    "categories": [
      1,
      1001,
      1001001
    ],
    "productName": "Alus STAROPRAMEN Premium 5% 500ml sk.D",
    "productPriceOld": null,
    "productPrice": {
      "value": 1.31,
      "unit": "€"
    },
    "productPricePerUnit": {
      "value": 2.62,
      "unit": "€/l"
    },
    "productPriceWithLoyaltyCard": null,
    "productPricePerUnitWithLoyaltyCard": null,
    "imageUrl": "https://cdn.barbora.lv/products/aaae49dc-a27e-4719-b42f-d264f0cee030_s.png",
    "available": true,
    "discount": null
  },
  {
    "shop": "MAXIMA",
    "categories": [
      1,
      1001,
      1001001
    ],
    "productName": "Alus LIELVĀRDES Kvasa 4,6% 0,5L D",
    "productPriceOld": {
      "value": 2.01,
      "unit": "€"
    },
    "productPrice": {
      "value": 1.31,
      "unit": "€"
    },
    "productPricePerUnit": {
      "value": 2.62,
      "unit": "€/l"
    },
    "productPriceWithLoyaltyCard": null,
    "productPricePerUnitWithLoyaltyCard": null,
    "imageUrl": "https://cdn.barbora.lv/products/55c61ff4-9311-4d21-8832-fa0487a880a0_s.png",
    "available": true,
    "discount": 35
  },
  {
    "shop": "CITRO",
    "categories": [
      1,
      1001,
      1001001
    ],
    "productName": "ALUS ALDARIS TUBORG GREEN 4.6% 0.568L CAN",
    "productPriceOld": null,
    "productPrice": null,
    "productPricePerUnit": {
      "value": 2.62,
      "unit": "€/L"
    },
    "productPriceWithLoyaltyCard": null,
    "productPricePerUnitWithLoyaltyCard": null,
    "imageUrl": "https://rezekne.citro.lv/wp-content/uploads/2022/09/4750049003529-300x300.jpg",
    "available": true,
    "discount": null
  },
  {
    "shop": "CITRO",
    "categories": [
      1,
      1001,
      1001001
    ],
    "productName": "ALUS ALDARIS LUKSUS 5.2% 0.568L CAN",
    "productPriceOld": null,
    "productPrice": null,
    "productPricePerUnit": {
      "value": 2.62,
      "unit": "€/L"
    },
    "productPriceWithLoyaltyCard": null,
    "productPricePerUnitWithLoyaltyCard": null,
    "imageUrl": "https://rezekne.citro.lv/wp-content/uploads/2022/03/4750049002553-300x300.jpg",
    "available": true,
    "discount": null
  },
  {
    "shop": "CITRO",
    "categories": [
      2,
      2001,
      2001002
    ],
    "productName": "MAIZE DRUVA ZELTA MĀKOŅMAIZE 450G",
    "productPriceOld": {
      "value": 1.69,
      "unit": "€"
    },
    "productPrice": {
      "value": 1.19,
      "unit": "€"
    },
    "productPricePerUnit": {
      "value": 2.64,
      "unit": "€/KG"
    },
    "productPriceWithLoyaltyCard": null,
    "productPricePerUnitWithLoyaltyCard": null,
    "imageUrl": "https://rezekne.citro.lv/wp-content/uploads/2021/05/4750212903021-300x300.jpg",
    "available": true,
    "discount": 30
  },
  {
    "shop": "RIMI",
    "categories": [
      2,
      2001,
      2001002
    ],
    "productName": "Baltmaize Lielkungu 600g",
    "productPriceOld": {
      "value": 1.99,
      "unit": "€"
    },
    "productPrice": {
      "value": 1.59,
      "unit": "€/gab"
    },
    "productPricePerUnit": {
      "value": 2.65,
      "unit": "€/kg"
    },
    "productPriceWithLoyaltyCard": null,
    "productPricePerUnitWithLoyaltyCard": null,
    "imageUrl": "https://rimibaltic-res.cloudinary.com/image/upload/d_ecommerce:backend-fallback.png/MAT_909854_PCE_LV",
    "available": true,
    "discount": 20
  },
  {
    "shop": "RIMI",
    "categories": [
      2,
      2001,
      2001004
    ],
    "productName": "Rudzu maize formas melnā sagriezta 600g",
    "productPriceOld": null,
    "productPrice": {
      "value": 1.59,
      "unit": "€/gab"
    },
    "productPricePerUnit": {
      "value": 2.65,
      "unit": "€/kg"
    },
    "productPriceWithLoyaltyCard": null,
    "productPricePerUnitWithLoyaltyCard": null,
    "imageUrl": "https://rimibaltic-res.cloudinary.com/image/upload/d_ecommerce:backend-fallback.png/MAT_220819_PCE_LV",
    "available": true,
    "discount": null
  },
  {
    "shop": "RIMI",
    "categories": [
      1,
      1002,
      10010020
    ],
    "productName": "Sulas dzēr. ābolu I Love Eco 3x200ml",
    "productPriceOld": null,
    "productPrice": {
      "value": 1.59,
      "unit": "€/gab"
    },
    "productPricePerUnit": {
      "value": 2.65,
      "unit": "€/l"
    },
    "productPriceWithLoyaltyCard": null,
    "productPricePerUnitWithLoyaltyCard": null,
    "imageUrl": "https://rimibaltic-res.cloudinary.com/image/upload/d_ecommerce:backend-fallback.png/MAT_811591_PCE_LV",
    "available": true,
    "discount": null
  },
  {
    "shop": "RIMI",
    "categories": [
      1,
      1002,
      10010020
    ],
    "productName": "Sulas dzēr. apelsīnu I Love Eco 3x200ml",
    "productPriceOld": null,
    "productPrice": {
      "value": 1.59,
      "unit": "€/gab"
    },
    "productPricePerUnit": {
      "value": 2.65,
      "unit": "€/l"
    },
    "productPriceWithLoyaltyCard": null,
    "productPricePerUnitWithLoyaltyCard": null,
    "imageUrl": "https://rimibaltic-res.cloudinary.com/image/upload/d_ecommerce:backend-fallback.png/MAT_811582_PCE_LV",
    "available": true,
    "discount": null
  },
  {
    "shop": "RIMI",
    "categories": [
      1,
      1002,
      10010027
    ],
    "productName": "Ābolu un persiku dzēriens Tymbark 0.2L",
    "productPriceOld": null,
    "productPrice": {
      "value": 0.53,
      "unit": "€/gab"
    },
    "productPricePerUnit": {
      "value": 2.65,
      "unit": "€/l"
    },
    "productPriceWithLoyaltyCard": null,
    "productPricePerUnitWithLoyaltyCard": null,
    "imageUrl": "https://rimibaltic-res.cloudinary.com/image/upload/d_ecommerce:backend-fallback.png/MAT_165545_PCE_LV",
    "available": true,
    "discount": null
  },
  {
    "shop": "RIMI",
    "categories": [
      1,
      1002,
      10010020
    ],
    "productName": "Sulas dzēr. Tymbark zemeņu, ābolu, pers. 0,2l",
    "productPriceOld": null,
    "productPrice": {
      "value": 0.53,
      "unit": "€/gab"
    },
    "productPricePerUnit": {
      "value": 2.65,
      "unit": "€/l"
    },
    "productPriceWithLoyaltyCard": null,
    "productPricePerUnitWithLoyaltyCard": null,
    "imageUrl": "https://rimibaltic-res.cloudinary.com/image/upload/d_ecommerce:backend-fallback.png/MAT_136947_PCE_LV",
    "available": true,
    "discount": null
  },
  {
    "shop": "RIMI",
    "categories": [
      1,
      1002,
      10010020
    ],
    "productName": "Sulas dzēriens Tymbark multivitamīnu 0,2l",
    "productPriceOld": null,
    "productPrice": {
      "value": 0.53,
      "unit": "€/gab"
    },
    "productPricePerUnit": {
      "value": 2.65,
      "unit": "€/l"
    },
    "productPriceWithLoyaltyCard": null,
    "productPricePerUnitWithLoyaltyCard": null,
    "imageUrl": "https://rimibaltic-res.cloudinary.com/image/upload/d_ecommerce:backend-fallback.png/MAT_136945_PCE_LV",
    "available": true,
    "discount": null
  },
  {
    "shop": "RIMI",
    "categories": [
      1,
      1001,
      1001001
    ],
    "productName": "Alus Iļģuciema medalus oriģinālais 5,5% 1l",
    "productPriceOld": {
      "value": 3.49,
      "unit": "€"
    },
    "productPrice": {
      "value": 2.65,
      "unit": "€/gab"
    },
    "productPricePerUnit": {
      "value": 2.65,
      "unit": "€/l"
    },
    "productPriceWithLoyaltyCard": null,
    "productPricePerUnitWithLoyaltyCard": null,
    "imageUrl": "https://rimibaltic-res.cloudinary.com/image/upload/d_ecommerce:backend-fallback.png/MAT_1357328_PCE_LV",
    "available": true,
    "discount": 24
  },
  {
    "shop": "MAXIMA",
    "categories": [
      1,
      1002,
      10010021
    ],
    "productName": "Gāz.dz. Limonāde LIMPO Klasiskā 0,355L D",
    "productPriceOld": null,
    "productPrice": {
      "value": 0.94,
      "unit": "€"
    },
    "productPricePerUnit": {
      "value": 2.65,
      "unit": "€/l"
    },
    "productPriceWithLoyaltyCard": null,
    "productPricePerUnitWithLoyaltyCard": null,
    "imageUrl": "https://cdn.barbora.lv/products/5a01ef32-c192-4429-9845-df7463f477c8_s.png",
    "available": true,
    "discount": null
  },
  {
    "shop": "MAXIMA",
    "categories": [
      1,
      1002,
      10010020
    ],
    "productName": "Nektārs CIDO Exclusive mango 1L",
    "productPriceOld": null,
    "productPrice": {
      "value": 2.65,
      "unit": "€"
    },
    "productPricePerUnit": {
      "value": 2.65,
      "unit": "€/l"
    },
    "productPriceWithLoyaltyCard": null,
    "productPricePerUnitWithLoyaltyCard": null,
    "imageUrl": "https://cdn.barbora.lv/products/aaa2306f-4fec-4492-83c9-eee5822a552c_s.png",
    "available": true,
    "discount": null
  },
  {
    "shop": "RIMI",
    "categories": [
      1,
      1002,
      10010027
    ],
    "productName": "Morss Very Berry saldo dzērveņu 2,25l",
    "productPriceOld": null,
    "productPrice": {
      "value": 5.99,
      "unit": "€/gab"
    },
    "productPricePerUnit": {
      "value": 2.66,
      "unit": "€/l"
    },
    "productPriceWithLoyaltyCard": null,
    "productPricePerUnitWithLoyaltyCard": null,
    "imageUrl": "https://rimibaltic-res.cloudinary.com/image/upload/d_ecommerce:backend-fallback.png/MAT_169350_PCE_LV",
    "available": true,
    "discount": null
  },
  {
    "shop": "RIMI",
    "categories": [
      1,
      1002,
      10010027
    ],
    "productName": "Aloe dzēriens Aleo premium 1,5 l",
    "productPriceOld": null,
    "productPrice": {
      "value": 3.99,
      "unit": "€/gab"
    },
    "productPricePerUnit": {
      "value": 2.66,
      "unit": "€/l"
    },
    "productPriceWithLoyaltyCard": null,
    "productPricePerUnitWithLoyaltyCard": null,
    "imageUrl": "https://rimibaltic-res.cloudinary.com/image/upload/d_ecommerce:backend-fallback.png/MAT_1355182_PCE_LV",
    "available": true,
    "discount": null
  },
  {
    "shop": "RIMI",
    "categories": [
      1,
      1002,
      10010027
    ],
    "productName": "Dzēriens Aloe Vera ar mango sulu 1,5l",
    "productPriceOld": null,
    "productPrice": {
      "value": 3.99,
      "unit": "€/gab"
    },
    "productPricePerUnit": {
      "value": 2.66,
      "unit": "€/l"
    },
    "productPriceWithLoyaltyCard": null,
    "productPricePerUnitWithLoyaltyCard": null,
    "imageUrl": "https://rimibaltic-res.cloudinary.com/image/upload/d_ecommerce:backend-fallback.png/MAT_1365998_PCE_LV",
    "available": true,
    "discount": null
  },
  {
    "shop": "RIMI",
    "categories": [
      1,
      1002,
      10010027
    ],
    "productName": "Morss Very Berry rabarberu 2,25l",
    "productPriceOld": null,
    "productPrice": {
      "value": 5.99,
      "unit": "€/gab"
    },
    "productPricePerUnit": {
      "value": 2.66,
      "unit": "€/l"
    },
    "productPriceWithLoyaltyCard": null,
    "productPricePerUnitWithLoyaltyCard": null,
    "imageUrl": "https://rimibaltic-res.cloudinary.com/image/upload/d_ecommerce:backend-fallback.png/MAT_169349_PCE_LV",
    "available": true,
    "discount": null
  },
  {
    "shop": "RIMI",
    "categories": [
      1,
      1002,
      10010027
    ],
    "productName": "Aloe dzēriens aleo ar zemeņu garšu 1,5 l",
    "productPriceOld": null,
    "productPrice": {
      "value": 3.99,
      "unit": "€/gab"
    },
    "productPricePerUnit": {
      "value": 2.66,
      "unit": "€/l"
    },
    "productPriceWithLoyaltyCard": null,
    "productPricePerUnitWithLoyaltyCard": null,
    "imageUrl": "https://rimibaltic-res.cloudinary.com/image/upload/d_ecommerce:backend-fallback.png/MAT_1358179_PCE_LV",
    "available": true,
    "discount": null
  },
  {
    "shop": "RIMI",
    "categories": [
      1,
      1002,
      10010020
    ],
    "productName": "Nektārs Don Simon Marakuja 1,5l",
    "productPriceOld": null,
    "productPrice": {
      "value": 3.99,
      "unit": "€/gab"
    },
    "productPricePerUnit": {
      "value": 2.66,
      "unit": "€/l"
    },
    "productPriceWithLoyaltyCard": null,
    "productPricePerUnitWithLoyaltyCard": null,
    "imageUrl": "https://rimibaltic-res.cloudinary.com/image/upload/d_ecommerce:backend-fallback.png/MAT_1374836_PCE_LV",
    "available": true,
    "discount": null
  },
  {
    "shop": "MAXIMA",
    "categories": [
      1,
      1002,
      10010027
    ],
    "productName": "Dzēriens ALEO Aloe Vera Premium 1,5L D",
    "productPriceOld": null,
    "productPrice": {
      "value": 3.99,
      "unit": "€"
    },
    "productPricePerUnit": {
      "value": 2.66,
      "unit": "€/l"
    },
    "productPriceWithLoyaltyCard": null,
    "productPricePerUnitWithLoyaltyCard": null,
    "imageUrl": "https://cdn.barbora.lv/products/a0b3d47c-f389-4ea8-9f82-f748ac122e97_s.png",
    "available": true,
    "discount": null
  },
  {
    "shop": "MAXIMA",
    "categories": [
      1,
      1002,
      10010027
    ],
    "productName": "Morss VERY BERRY cidoniju 2,25L",
    "productPriceOld": null,
    "productPrice": {
      "value": 5.99,
      "unit": "€"
    },
    "productPricePerUnit": {
      "value": 2.66,
      "unit": "€/l"
    },
    "productPriceWithLoyaltyCard": null,
    "productPricePerUnitWithLoyaltyCard": null,
    "imageUrl": "https://cdn.barbora.lv/products/cad6ee54-1804-45d8-ad34-6173ec259699_s.png",
    "available": true,
    "discount": null
  },
  {
    "shop": "MAXIMA",
    "categories": [
      1,
      1002,
      10010027
    ],
    "productName": "Dzēriens ALEO Aloe Vera mango g. 1,5L D",
    "productPriceOld": null,
    "productPrice": {
      "value": 3.99,
      "unit": "€"
    },
    "productPricePerUnit": {
      "value": 2.66,
      "unit": "€/l"
    },
    "productPriceWithLoyaltyCard": null,
    "productPricePerUnitWithLoyaltyCard": null,
    "imageUrl": "https://cdn.barbora.lv/products/45b27bd7-4bdb-4d6d-a140-95dbd1a98a5f_s.png",
    "available": true,
    "discount": null
  },
  {
    "shop": "MAXIMA",
    "categories": [
      1,
      1002,
      10010027
    ],
    "productName": "Dzēriens ALEO Aloe Vera zemeņu g. 1,5L D",
    "productPriceOld": null,
    "productPrice": {
      "value": 3.99,
      "unit": "€"
    },
    "productPricePerUnit": {
      "value": 2.66,
      "unit": "€/l"
    },
    "productPriceWithLoyaltyCard": null,
    "productPricePerUnitWithLoyaltyCard": null,
    "imageUrl": "https://cdn.barbora.lv/products/4c4fdffe-9be7-4cf8-b3a3-f97cb7de4471_s.png",
    "available": true,
    "discount": null
  },
  {
    "shop": "MAXIMA",
    "categories": [
      1,
      1002,
      10010027
    ],
    "productName": "Morss VERY BERRY rabarberu 2,25L",
    "productPriceOld": null,
    "productPrice": {
      "value": 5.99,
      "unit": "€"
    },
    "productPricePerUnit": {
      "value": 2.66,
      "unit": "€/l"
    },
    "productPriceWithLoyaltyCard": null,
    "productPricePerUnitWithLoyaltyCard": null,
    "imageUrl": "https://cdn.barbora.lv/products/242ce883-66a7-427e-bb9c-e1b00a1656c5_s.png",
    "available": true,
    "discount": null
  },
  {
    "shop": "MAXIMA",
    "categories": [
      1,
      1002,
      10010021
    ],
    "productName": "Gāz.dzēriens JARRITOS Mango 0,37L D",
    "productPriceOld": {
      "value": 2.99,
      "unit": "€"
    },
    "productPrice": {
      "value": 2.99,
      "unit": "€"
    },
    "productPricePerUnit": {
      "value": 8.08,
      "unit": "€/l"
    },
    "productPriceWithLoyaltyCard": {
      "value": 0.99,
      "unit": "€"
    },
    "productPricePerUnitWithLoyaltyCard": {
      "value": 2.68,
      "unit": "€/l"
    },
    "imageUrl": "https://cdn.barbora.lv/products/c1b72004-5463-4131-beef-398d3f9594a5_s.png",
    "available": true,
    "discount": 67
  },
  {
    "shop": "MAXIMA",
    "categories": [
      1,
      1002,
      10010021
    ],
    "productName": "Gāzēts dzēriens JARRITOS Guava 0,37L D",
    "productPriceOld": {
      "value": 2.99,
      "unit": "€"
    },
    "productPrice": {
      "value": 2.99,
      "unit": "€"
    },
    "productPricePerUnit": {
      "value": 8.08,
      "unit": "€/l"
    },
    "productPriceWithLoyaltyCard": {
      "value": 0.99,
      "unit": "€"
    },
    "productPricePerUnitWithLoyaltyCard": {
      "value": 2.68,
      "unit": "€/l"
    },
    "imageUrl": "https://cdn.barbora.lv/products/60bc162a-f7ac-4571-ac7d-1559c3b1e00b_s.png",
    "available": true,
    "discount": 67
  },
  {
    "shop": "MAXIMA",
    "categories": [
      1,
      1001,
      1001001
    ],
    "productName": "Alus LĀČPL. Dzint. PINTE 4,8% 0,568L sk.",
    "productPriceOld": null,
    "productPrice": {
      "value": 1.52,
      "unit": "€"
    },
    "productPricePerUnit": {
      "value": 2.68,
      "unit": "€/l"
    },
    "productPriceWithLoyaltyCard": null,
    "productPricePerUnitWithLoyaltyCard": null,
    "imageUrl": "https://cdn.barbora.lv/products/d73470e1-e31d-46f8-8fd5-3bab27732409_s.png",
    "available": true,
    "discount": null
  },
  {
    "shop": "RIMI",
    "categories": [
      2,
      2001,
      2001005
    ],
    "productName": "Saldskābmaize Kuršu sagriezta 800g",
    "productPriceOld": null,
    "productPrice": {
      "value": 2.15,
      "unit": "€/gab"
    },
    "productPricePerUnit": {
      "value": 2.69,
      "unit": "€/kg"
    },
    "productPriceWithLoyaltyCard": null,
    "productPricePerUnitWithLoyaltyCard": null,
    "imageUrl": "https://rimibaltic-res.cloudinary.com/image/upload/d_ecommerce:backend-fallback.png/MAT_275910_PCE_LV",
    "available": true,
    "discount": null
  },
  {
    "shop": "RIMI",
    "categories": [
      1,
      1002,
      10010020
    ],
    "productName": "Sula Cido tomātu 100% 1l",
    "productPriceOld": null,
    "productPrice": {
      "value": 2.69,
      "unit": "€/gab"
    },
    "productPricePerUnit": {
      "value": 2.69,
      "unit": "€/l"
    },
    "productPriceWithLoyaltyCard": null,
    "productPricePerUnitWithLoyaltyCard": null,
    "imageUrl": "https://rimibaltic-res.cloudinary.com/image/upload/d_ecommerce:backend-fallback.png/MAT_134363_PCE_LV",
    "available": true,
    "discount": null
  },
  {
    "shop": "RIMI",
    "categories": [
      1,
      1002,
      10010020
    ],
    "productName": "Sula Tymbark apelsīnu 100% 1l",
    "productPriceOld": null,
    "productPrice": {
      "value": 2.69,
      "unit": "€/gab"
    },
    "productPricePerUnit": {
      "value": 2.69,
      "unit": "€/l"
    },
    "productPriceWithLoyaltyCard": null,
    "productPricePerUnitWithLoyaltyCard": null,
    "imageUrl": "https://rimibaltic-res.cloudinary.com/image/upload/d_ecommerce:backend-fallback.png/MAT_1356858_PCE_LV",
    "available": true,
    "discount": null
  },
  {
    "shop": "RIMI",
    "categories": [
      1,
      1002,
      10010020
    ],
    "productName": "Nektārs Elmenhorster dzērveņu 30% 1l",
    "productPriceOld": null,
    "productPrice": {
      "value": 2.99,
      "unit": "€/gab"
    },
    "productPricePerUnit": {
      "value": 2.99,
      "unit": "€/l"
    },
    "productPriceWithLoyaltyCard": {
      "value": 2.69,
      "unit": "€"
    },
    "productPricePerUnitWithLoyaltyCard": {
      "value": 2.69,
      "unit": "€/l"
    },
    "imageUrl": "https://rimibaltic-res.cloudinary.com/image/upload/d_ecommerce:backend-fallback.png/MAT_155402_PCE_LV",
    "available": true,
    "discount": 10
  },
  {
    "shop": "MAXIMA",
    "categories": [
      1,
      1002,
      10010020
    ],
    "productName": "Sula CIDO Exclusive tomātu 1L",
    "productPriceOld": null,
    "productPrice": {
      "value": 2.69,
      "unit": "€"
    },
    "productPricePerUnit": {
      "value": 2.69,
      "unit": "€/l"
    },
    "productPriceWithLoyaltyCard": null,
    "productPricePerUnitWithLoyaltyCard": null,
    "imageUrl": "https://cdn.barbora.lv/products/9855489f-bdd7-4764-b4cc-94859ff16257_s.png",
    "available": true,
    "discount": null
  },
  {
    "shop": "CITRO",
    "categories": [
      1,
      1002,
      10010020
    ],
    "productName": "NEKTĀRS ELMENHORSTER DZĒRVEŅU 30% 1L",
    "productPriceOld": null,
    "productPrice": null,
    "productPricePerUnit": {
      "value": 2.69,
      "unit": "€/L"
    },
    "productPriceWithLoyaltyCard": null,
    "productPricePerUnitWithLoyaltyCard": null,
    "imageUrl": "https://rezekne.citro.lv/wp-content/uploads/2023/01/4770569590842-300x300.jpg",
    "available": true,
    "discount": null
  },
  {
    "shop": "CITRO",
    "categories": [
      2,
      2001,
      2001005
    ],
    "productName": "MAIZE LATVIJAS ZELTENE SALDSKĀBMAIZE GAIŠĀ 800G",
    "productPriceOld": null,
    "productPrice": null,
    "productPricePerUnit": {
      "value": 2.69,
      "unit": "€/KG"
    },
    "productPriceWithLoyaltyCard": null,
    "productPricePerUnitWithLoyaltyCard": null,
    "imageUrl": "https://rezekne.citro.lv/wp-content/uploads/2024/10/4750192732413-300x300.jpg",
    "available": true,
    "discount": null
  },
  {
    "shop": "CITRO",
    "categories": [
      2,
      2001,
      2001004
    ],
    "productName": "MAIZE LATVIJAS GRAUDU RUDZU 800G LATVIJASM",
    "productPriceOld": null,
    "productPrice": null,
    "productPricePerUnit": {
      "value": 2.69,
      "unit": "€/KG"
    },
    "productPriceWithLoyaltyCard": null,
    "productPricePerUnitWithLoyaltyCard": null,
    "imageUrl": "https://rezekne.citro.lv/wp-content/uploads/2020/12/4750192732178-300x300.jpg",
    "available": true,
    "discount": null
  },
  {
    "shop": "RIMI",
    "categories": [
      2,
      2001,
      2001002
    ],
    "productName": "Baltmaize Zemnieku sagriezta 500g",
    "productPriceOld": null,
    "productPrice": {
      "value": 1.35,
      "unit": "€/gab"
    },
    "productPricePerUnit": {
      "value": 2.7,
      "unit": "€/kg"
    },
    "productPriceWithLoyaltyCard": null,
    "productPricePerUnitWithLoyaltyCard": null,
    "imageUrl": "https://rimibaltic-res.cloudinary.com/image/upload/d_ecommerce:backend-fallback.png/MAT_288553_PCE_LV",
    "available": true,
    "discount": null
  },
  {
    "shop": "RIMI",
    "categories": [
      1,
      1002,
      10010024
    ],
    "productName": "Minerālūdens San Pellegrino gāzēts 0,5l",
    "productPriceOld": null,
    "productPrice": {
      "value": 1.35,
      "unit": "€/gab"
    },
    "productPricePerUnit": {
      "value": 2.7,
      "unit": "€/l"
    },
    "productPriceWithLoyaltyCard": null,
    "productPricePerUnitWithLoyaltyCard": null,
    "imageUrl": "https://rimibaltic-res.cloudinary.com/image/upload/d_ecommerce:backend-fallback.png/MAT_1351124_PCE_LV",
    "available": true,
    "discount": null
  },
  {
    "shop": "RIMI",
    "categories": [
      1,
      1002,
      10010023
    ],
    "productName": "Kvass Lido 0,5l",
    "productPriceOld": null,
    "productPrice": {
      "value": 1.35,
      "unit": "€/gab"
    },
    "productPricePerUnit": {
      "value": 2.7,
      "unit": "€/l"
    },
    "productPriceWithLoyaltyCard": null,
    "productPricePerUnitWithLoyaltyCard": null,
    "imageUrl": "https://rimibaltic-res.cloudinary.com/image/upload/d_ecommerce:backend-fallback.png/MAT_1367190_PCE_LV",
    "available": true,
    "discount": null
  },
  {
    "shop": "RIMI",
    "categories": [
      1,
      1002,
      10010023
    ],
    "productName": "Kvass Tērvete Godu 0,5l",
    "productPriceOld": null,
    "productPrice": {
      "value": 1.35,
      "unit": "€/gab"
    },
    "productPricePerUnit": {
      "value": 2.7,
      "unit": "€/l"
    },
    "productPriceWithLoyaltyCard": null,
    "productPricePerUnitWithLoyaltyCard": null,
    "imageUrl": "https://rimibaltic-res.cloudinary.com/image/upload/d_ecommerce:backend-fallback.png/MAT_1360703_PCE_LV",
    "available": true,
    "discount": null
  },
  {
    "shop": "RIMI",
    "categories": [
      1,
      1002,
      10010021
    ],
    "productName": "Gāzēts dzēriens Dr. Pepper 0,33l",
    "productPriceOld": null,
    "productPrice": {
      "value": 0.89,
      "unit": "€/gab"
    },
    "productPricePerUnit": {
      "value": 2.7,
      "unit": "€/l"
    },
    "productPriceWithLoyaltyCard": null,
    "productPricePerUnitWithLoyaltyCard": null,
    "imageUrl": "https://rimibaltic-res.cloudinary.com/image/upload/d_ecommerce:backend-fallback.png/MAT_1373942_PCE_LV",
    "available": true,
    "discount": null
  },
  {
    "shop": "RIMI",
    "categories": [
      1,
      1003,
      1003001
    ],
    "productName": "Bezalkoholiskais alus Heineken 0% 0,5L",
    "productPriceOld": null,
    "productPrice": {
      "value": 1.35,
      "unit": "€/gab"
    },
    "productPricePerUnit": {
      "value": 2.7,
      "unit": "€/l"
    },
    "productPriceWithLoyaltyCard": null,
    "productPricePerUnitWithLoyaltyCard": null,
    "imageUrl": "https://rimibaltic-res.cloudinary.com/image/upload/d_ecommerce:backend-fallback.png/MAT_1013158_PCE_LV",
    "available": true,
    "discount": null
  },
  {
    "shop": "RIMI",
    "categories": [
      1,
      1001,
      1001002
    ],
    "productName": "Sidrs Dārza cidoniju 5,5% 0,5l",
    "productPriceOld": null,
    "productPrice": {
      "value": 1.35,
      "unit": "€/gab"
    },
    "productPricePerUnit": {
      "value": 2.7,
      "unit": "€/l"
    },
    "productPriceWithLoyaltyCard": null,
    "productPricePerUnitWithLoyaltyCard": null,
    "imageUrl": "https://rimibaltic-res.cloudinary.com/image/upload/d_ecommerce:backend-fallback.png/MAT_1360337_PCE_LV",
    "available": true,
    "discount": null
  },
  {
    "shop": "RIMI",
    "categories": [
      1,
      1001,
      1001002
    ],
    "productName": "Sidrs Dārza bārbele 5,5% 0,5l",
    "productPriceOld": null,
    "productPrice": {
      "value": 1.35,
      "unit": "€/gab"
    },
    "productPricePerUnit": {
      "value": 2.7,
      "unit": "€/l"
    },
    "productPriceWithLoyaltyCard": null,
    "productPricePerUnitWithLoyaltyCard": null,
    "imageUrl": "https://rimibaltic-res.cloudinary.com/image/upload/d_ecommerce:backend-fallback.png/MAT_1363777_PCE_LV",
    "available": true,
    "discount": null
  },
  {
    "shop": "MAXIMA",
    "categories": [
      1,
      1002,
      10010021
    ],
    "productName": "Gāzēts dzēriens COCA-COLA 0,5L PET D",
    "productPriceOld": null,
    "productPrice": {
      "value": 1.35,
      "unit": "€"
    },
    "productPricePerUnit": {
      "value": 2.7,
      "unit": "€/l"
    },
    "productPriceWithLoyaltyCard": null,
    "productPricePerUnitWithLoyaltyCard": null,
    "imageUrl": "https://cdn.barbora.lv/products/c428778a-9a5e-468c-ac2d-319c2b5f780d_s.png",
    "available": true,
    "discount": null
  },
  {
    "shop": "MAXIMA",
    "categories": [
      1,
      1002,
      10010021
    ],
    "productName": "Gāz. dzēriens COCA-COLA ZERO 0,5L PET D",
    "productPriceOld": null,
    "productPrice": {
      "value": 1.35,
      "unit": "€"
    },
    "productPricePerUnit": {
      "value": 2.7,
      "unit": "€/l"
    },
    "productPriceWithLoyaltyCard": null,
    "productPricePerUnitWithLoyaltyCard": null,
    "imageUrl": "https://cdn.barbora.lv/products/0b6ce5f6-1585-402e-969f-b7fa30742393_s.png",
    "available": true,
    "discount": null
  },
  {
    "shop": "MAXIMA",
    "categories": [
      1,
      1002,
      10010023
    ],
    "productName": "Kvass LIDO KVASS 0,5L stikls D",
    "productPriceOld": null,
    "productPrice": {
      "value": 1.35,
      "unit": "€"
    },
    "productPricePerUnit": {
      "value": 2.7,
      "unit": "€/l"
    },
    "productPriceWithLoyaltyCard": null,
    "productPricePerUnitWithLoyaltyCard": null,
    "imageUrl": "https://cdn.barbora.lv/products/ac5945e0-dcd9-4f3a-9ff3-a33b4210f227_s.png",
    "available": true,
    "discount": null
  },
  {
    "shop": "MAXIMA",
    "categories": [
      1,
      1002,
      10010021
    ],
    "productName": "Gāzēts dzēriens SPRITE 0,5L PET D",
    "productPriceOld": null,
    "productPrice": {
      "value": 1.35,
      "unit": "€"
    },
    "productPricePerUnit": {
      "value": 2.7,
      "unit": "€/l"
    },
    "productPriceWithLoyaltyCard": null,
    "productPricePerUnitWithLoyaltyCard": null,
    "imageUrl": "https://cdn.barbora.lv/products/3a5a55af-215f-4a0b-add8-e61975a21efe_s.png",
    "available": true,
    "discount": null
  },
  {
    "shop": "MAXIMA",
    "categories": [
      1,
      1002,
      10010021
    ],
    "productName": "Gāzēts dzēriens FANTA ORANGE 0,5L PET D",
    "productPriceOld": null,
    "productPrice": {
      "value": 1.35,
      "unit": "€"
    },
    "productPricePerUnit": {
      "value": 2.7,
      "unit": "€/l"
    },
    "productPriceWithLoyaltyCard": null,
    "productPricePerUnitWithLoyaltyCard": null,
    "imageUrl": "https://cdn.barbora.lv/products/5814e59c-6597-43d6-8063-2315f1f914c4_s.png",
    "available": true,
    "discount": null
  },
  {
    "shop": "MAXIMA",
    "categories": [
      1,
      1002,
      10010023
    ],
    "productName": "Kvass TĒRVETE GODU 0,5L stikls D",
    "productPriceOld": null,
    "productPrice": {
      "value": 1.35,
      "unit": "€"
    },
    "productPricePerUnit": {
      "value": 2.7,
      "unit": "€/l"
    },
    "productPriceWithLoyaltyCard": null,
    "productPricePerUnitWithLoyaltyCard": null,
    "imageUrl": "https://cdn.barbora.lv/products/e59b9036-c3ee-45b0-9b77-4a040a0a7aae_s.png",
    "available": true,
    "discount": null
  },
  {
    "shop": "MAXIMA",
    "categories": [
      1,
      1002,
      10010023
    ],
    "productName": "Kvass TĒRVETE SAIMES 0,5L stikls D",
    "productPriceOld": null,
    "productPrice": {
      "value": 1.35,
      "unit": "€"
    },
    "productPricePerUnit": {
      "value": 2.7,
      "unit": "€/l"
    },
    "productPriceWithLoyaltyCard": null,
    "productPricePerUnitWithLoyaltyCard": null,
    "imageUrl": "https://cdn.barbora.lv/products/6ccc5a28-e7eb-46a8-a47d-73a6d0be668b_s.png",
    "available": true,
    "discount": null
  },
  {
    "shop": "MAXIMA",
    "categories": [
      1,
      1003,
      1003001
    ],
    "productName": "Alus HEINEKEN bezalkohol. 0% 500ml sk.D",
    "productPriceOld": null,
    "productPrice": {
      "value": 1.35,
      "unit": "€"
    },
    "productPricePerUnit": {
      "value": 2.7,
      "unit": "€/l"
    },
    "productPriceWithLoyaltyCard": null,
    "productPricePerUnitWithLoyaltyCard": null,
    "imageUrl": "https://cdn.barbora.lv/products/405fb567-b8fe-4a3c-90fb-94d1cf23f404_s.png",
    "available": true,
    "discount": null
  },
  {
    "shop": "MAXIMA",
    "categories": [
      1,
      1001,
      1001001
    ],
    "productName": "Alus KRONENBOURG 1664 5% 0,5L D",
    "productPriceOld": {
      "value": 2.21,
      "unit": "€"
    },
    "productPrice": {
      "value": 2.21,
      "unit": "€"
    },
    "productPricePerUnit": {
      "value": 4.42,
      "unit": "€/l"
    },
    "productPriceWithLoyaltyCard": {
      "value": 1.35,
      "unit": "€"
    },
    "productPricePerUnitWithLoyaltyCard": {
      "value": 2.7,
      "unit": "€/l"
    },
    "imageUrl": "https://cdn.barbora.lv/products/2860ece2-bb32-412f-9c35-f8415a8496a0_s.png",
    "available": true,
    "discount": 39
  },
  {
    "shop": "MAXIMA",
    "categories": [
      1,
      1001,
      1001002
    ],
    "productName": "Sidrs DĀRZA Bārbele 5,5% 0,5L D",
    "productPriceOld": null,
    "productPrice": {
      "value": 1.35,
      "unit": "€"
    },
    "productPricePerUnit": {
      "value": 2.7,
      "unit": "€/l"
    },
    "productPriceWithLoyaltyCard": null,
    "productPricePerUnitWithLoyaltyCard": null,
    "imageUrl": "https://cdn.barbora.lv/products/7f377815-26d5-4d0a-ae8d-f539dc910823_s.png",
    "available": true,
    "discount": null
  },
  {
    "shop": "CITRO",
    "categories": [
      1,
      1002,
      10010024
    ],
    "productName": "MINERĀLŪDENS BORJOMI 0.5L PET",
    "productPriceOld": null,
    "productPrice": null,
    "productPricePerUnit": {
      "value": 2.7,
      "unit": "€/L"
    },
    "productPriceWithLoyaltyCard": null,
    "productPricePerUnitWithLoyaltyCard": null,
    "imageUrl": "https://rezekne.citro.lv/wp-content/uploads/2024/10/4860019002824-1-300x300.jpg",
    "available": true,
    "discount": null
  },
  {
    "shop": "CITRO",
    "categories": [
      2,
      2001,
      2001003
    ],
    "productName": "LATVIJASM TOSTERM. TOST MAIZE KLASISKĀ 500G",
    "productPriceOld": {
      "value": 1.55,
      "unit": "€"
    },
    "productPrice": {
      "value": 1.35,
      "unit": "€"
    },
    "productPricePerUnit": {
      "value": 2.7,
      "unit": "€/KG"
    },
    "productPriceWithLoyaltyCard": null,
    "productPricePerUnitWithLoyaltyCard": null,
    "imageUrl": "https://rezekne.citro.lv/wp-content/uploads/2024/11/4750192758383-1-300x300.jpg",
    "available": true,
    "discount": 13
  },
  {
    "shop": "RIMI",
    "categories": [
      2,
      2001,
      2001004
    ],
    "productName": "Rudzu maize Īstenā ar sēklām 730 g",
    "productPriceOld": null,
    "productPrice": {
      "value": 1.99,
      "unit": "€/gab"
    },
    "productPricePerUnit": {
      "value": 2.73,
      "unit": "€/kg"
    },
    "productPriceWithLoyaltyCard": null,
    "productPricePerUnitWithLoyaltyCard": null,
    "imageUrl": "https://rimibaltic-res.cloudinary.com/image/upload/d_ecommerce:backend-fallback.png/MAT_933768_PCE_LV",
    "available": true,
    "discount": null
  },
  {
    "shop": "CITRO",
    "categories": [
      1,
      1001,
      1001001
    ],
    "productName": "ALUS ALDARIS CARLSBERG 5% 0.568L CAN",
    "productPriceOld": null,
    "productPrice": null,
    "productPricePerUnit": {
      "value": 2.73,
      "unit": "€/L"
    },
    "productPriceWithLoyaltyCard": null,
    "productPricePerUnitWithLoyaltyCard": null,
    "imageUrl": "https://rezekne.citro.lv/wp-content/uploads/2022/03/4770349231347-300x300.jpg",
    "available": true,
    "discount": null
  },
  {
    "shop": "RIMI",
    "categories": [
      2,
      2001,
      2001004
    ],
    "productName": "Rudzu maize Latvijas graudu ar sēk. 800g",
    "productPriceOld": null,
    "productPrice": {
      "value": 2.19,
      "unit": "€/gab"
    },
    "productPricePerUnit": {
      "value": 2.74,
      "unit": "€/kg"
    },
    "productPriceWithLoyaltyCard": null,
    "productPricePerUnitWithLoyaltyCard": null,
    "imageUrl": "https://rimibaltic-res.cloudinary.com/image/upload/d_ecommerce:backend-fallback.png/MAT_952314_PCE_LV",
    "available": true,
    "discount": null
  },
  {
    "shop": "MAXIMA",
    "categories": [
      1,
      1001,
      1001001
    ],
    "productName": "Alus HOLSTEN 4,5% 0,5L sk.D",
    "productPriceOld": null,
    "productPrice": {
      "value": 1.37,
      "unit": "€"
    },
    "productPricePerUnit": {
      "value": 2.74,
      "unit": "€/l"
    },
    "productPriceWithLoyaltyCard": null,
    "productPricePerUnitWithLoyaltyCard": null,
    "imageUrl": "https://cdn.barbora.lv/products/97ba2342-0d3b-4178-97e8-d086048bd1e2_s.png",
    "available": true,
    "discount": null
  },
  {
    "shop": "MAXIMA",
    "categories": [
      1,
      1001,
      1001001
    ],
    "productName": "Alus LIELVĀRDES Tumšais 5 % 0,5L D",
    "productPriceOld": {
      "value": 2.11,
      "unit": "€"
    },
    "productPrice": {
      "value": 1.37,
      "unit": "€"
    },
    "productPricePerUnit": {
      "value": 2.74,
      "unit": "€/l"
    },
    "productPriceWithLoyaltyCard": null,
    "productPricePerUnitWithLoyaltyCard": null,
    "imageUrl": "https://cdn.barbora.lv/products/fd4eb882-8150-42b7-9b6e-78d73b27490c_s.png",
    "available": true,
    "discount": 35
  },
  {
    "shop": "RIMI",
    "categories": [
      2,
      2001,
      2001004,
      2001001
    ],
    "productName": "Formas rudzu maize Kuršu Pilngraudu 600g",
    "productPriceOld": {
      "value": 1.99,
      "unit": "€"
    },
    "productPrice": {
      "value": 1.65,
      "unit": "€/gab"
    },
    "productPricePerUnit": {
      "value": 2.75,
      "unit": "€/kg"
    },
    "productPriceWithLoyaltyCard": null,
    "productPricePerUnitWithLoyaltyCard": null,
    "imageUrl": "https://rimibaltic-res.cloudinary.com/image/upload/d_ecommerce:backend-fallback.png/MAT_4000830_PCE_LV",
    "available": true,
    "discount": 17
  },
  {
    "shop": "RIMI",
    "categories": [
      1,
      1002,
      10010020
    ],
    "productName": "Sulas dzēriens Pfanner Zemeņu 1l",
    "productPriceOld": null,
    "productPrice": {
      "value": 2.75,
      "unit": "€/gab"
    },
    "productPricePerUnit": {
      "value": 2.75,
      "unit": "€/l"
    },
    "productPriceWithLoyaltyCard": null,
    "productPricePerUnitWithLoyaltyCard": null,
    "imageUrl": "https://rimibaltic-res.cloudinary.com/image/upload/d_ecommerce:backend-fallback.png/MAT_1015943_PCE_LV",
    "available": true,
    "discount": null
  },
  {
    "shop": "RIMI",
    "categories": [
      1,
      1002,
      10010020
    ],
    "productName": "Nektārs Pfanner tropiskā augļa-guavas 1L",
    "productPriceOld": null,
    "productPrice": {
      "value": 2.75,
      "unit": "€/gab"
    },
    "productPricePerUnit": {
      "value": 2.75,
      "unit": "€/l"
    },
    "productPriceWithLoyaltyCard": null,
    "productPricePerUnitWithLoyaltyCard": null,
    "imageUrl": "https://rimibaltic-res.cloudinary.com/image/upload/d_ecommerce:backend-fallback.png/MAT_199174_PCE_LV",
    "available": true,
    "discount": null
  },
  {
    "shop": "MAXIMA",
    "categories": [
      2,
      2001,
      2001005
    ],
    "productName": "Saldskābmaize DONA 650g",
    "productPriceOld": null,
    "productPrice": {
      "value": 1.79,
      "unit": "€"
    },
    "productPricePerUnit": {
      "value": 2.75,
      "unit": "€/kg"
    },
    "productPriceWithLoyaltyCard": null,
    "productPricePerUnitWithLoyaltyCard": null,
    "imageUrl": "https://cdn.barbora.lv/products/1a8cfd3c-1c87-4df5-8ba7-ea61ef73150a_s.png",
    "available": true,
    "discount": null
  },
  {
    "shop": "CITRO",
    "categories": [
      1,
      1002,
      10010027
    ],
    "productName": "DZĒRIENS CAPRI-SUN MULTIVITAMIN 0.2L",
    "productPriceOld": null,
    "productPrice": null,
    "productPricePerUnit": {
      "value": 2.75,
      "unit": "€/L"
    },
    "productPriceWithLoyaltyCard": null,
    "productPricePerUnitWithLoyaltyCard": null,
    "imageUrl": "https://rezekne.citro.lv/wp-content/uploads/2023/09/4000177407509-300x300.jpg",
    "available": true,
    "discount": null
  },
  {
    "shop": "CITRO",
    "categories": [
      1,
      1002,
      10010027
    ],
    "productName": "DZĒRIENS CAPRI-SUN MYSTIC DRAGON 0.2L",
    "productPriceOld": null,
    "productPrice": null,
    "productPricePerUnit": {
      "value": 2.75,
      "unit": "€/L"
    },
    "productPriceWithLoyaltyCard": null,
    "productPricePerUnitWithLoyaltyCard": null,
    "imageUrl": "https://rezekne.citro.lv/wp-content/uploads/2023/09/4000177408100-300x300.jpg",
    "available": true,
    "discount": null
  },
  {
    "shop": "MAXIMA",
    "categories": [
      1,
      1003,
      1003005
    ],
    "productName": "Bezalk.dzēr.DYNAMI:T CAFF. FREE 0,5L D",
    "productPriceOld": null,
    "productPrice": {
      "value": 1.38,
      "unit": "€"
    },
    "productPricePerUnit": {
      "value": 2.76,
      "unit": "€/l"
    },
    "productPriceWithLoyaltyCard": null,
    "productPricePerUnitWithLoyaltyCard": null,
    "imageUrl": "https://cdn.barbora.lv/products/4962bd19-0d43-4fd8-a23f-1b8182d823e4_s.png",
    "available": true,
    "discount": null
  },
  {
    "shop": "RIMI",
    "categories": [
      2,
      2001,
      2001002
    ],
    "productName": "Ierauga maize Fazer 500g",
    "productPriceOld": {
      "value": 1.79,
      "unit": "€"
    },
    "productPrice": {
      "value": 1.39,
      "unit": "€/gab"
    },
    "productPricePerUnit": {
      "value": 2.78,
      "unit": "€/kg"
    },
    "productPriceWithLoyaltyCard": null,
    "productPricePerUnitWithLoyaltyCard": null,
    "imageUrl": "https://rimibaltic-res.cloudinary.com/image/upload/d_ecommerce:backend-fallback.png/MAT_4003838_PCE_LV",
    "available": true,
    "discount": 22
  },
  {
    "shop": "RIMI",
    "categories": [
      2,
      2001,
      2001003
    ],
    "productName": "Tostermaize Tostē klasiskā sagriezta 500g",
    "productPriceOld": {
      "value": 1.85,
      "unit": "€"
    },
    "productPrice": {
      "value": 1.39,
      "unit": "€/gab"
    },
    "productPricePerUnit": {
      "value": 2.78,
      "unit": "€/kg"
    },
    "productPriceWithLoyaltyCard": null,
    "productPricePerUnitWithLoyaltyCard": null,
    "imageUrl": "https://rimibaltic-res.cloudinary.com/image/upload/d_ecommerce:backend-fallback.png/MAT_224536_PCE_LV",
    "available": true,
    "discount": 25
  },
  {
    "shop": "RIMI",
    "categories": [
      2,
      2001,
      2001006
    ],
    "productName": "Rupjmaize Dona Slāvu pusīte, sagriezta 270g",
    "productPriceOld": null,
    "productPrice": {
      "value": 0.75,
      "unit": "€/gab"
    },
    "productPricePerUnit": {
      "value": 2.78,
      "unit": "€/kg"
    },
    "productPriceWithLoyaltyCard": null,
    "productPricePerUnitWithLoyaltyCard": null,
    "imageUrl": "https://rimibaltic-res.cloudinary.com/image/upload/d_ecommerce:backend-fallback.png/MAT_996412_PCE_LV",
    "available": true,
    "discount": null
  },
  {
    "shop": "RIMI",
    "categories": [
      2,
      2001,
      2001005
    ],
    "productName": "Saldskābmaize Īstenā ar sēklām 500g",
    "productPriceOld": {
      "value": 1.69,
      "unit": "€"
    },
    "productPrice": {
      "value": 1.39,
      "unit": "€/gab"
    },
    "productPricePerUnit": {
      "value": 2.78,
      "unit": "€/kg"
    },
    "productPriceWithLoyaltyCard": null,
    "productPricePerUnitWithLoyaltyCard": null,
    "imageUrl": "https://rimibaltic-res.cloudinary.com/image/upload/d_ecommerce:backend-fallback.png/MAT_4002819_PCE_LV",
    "available": true,
    "discount": 18
  },
  {
    "shop": "RIMI",
    "categories": [
      1,
      1002,
      10010021
    ],
    "productName": "Gāzēts dzēriens Coca-Cola 0.5l",
    "productPriceOld": null,
    "productPrice": {
      "value": 1.39,
      "unit": "€/gab"
    },
    "productPricePerUnit": {
      "value": 2.78,
      "unit": "€/l"
    },
    "productPriceWithLoyaltyCard": null,
    "productPricePerUnitWithLoyaltyCard": null,
    "imageUrl": "https://rimibaltic-res.cloudinary.com/image/upload/d_ecommerce:backend-fallback.png/MAT_102741_PCE_LV",
    "available": true,
    "discount": null
  },
  {
    "shop": "RIMI",
    "categories": [
      1,
      1002,
      10010021
    ],
    "productName": "Gāz. dzēr. Coca Cola Zero ar saldinātāju 0,5l",
    "productPriceOld": null,
    "productPrice": {
      "value": 1.39,
      "unit": "€/gab"
    },
    "productPricePerUnit": {
      "value": 2.78,
      "unit": "€/l"
    },
    "productPriceWithLoyaltyCard": null,
    "productPricePerUnitWithLoyaltyCard": null,
    "imageUrl": "https://rimibaltic-res.cloudinary.com/image/upload/d_ecommerce:backend-fallback.png/MAT_1353151_PCE_LV",
    "available": true,
    "discount": null
  },
  {
    "shop": "RIMI",
    "categories": [
      1,
      1002,
      10010021
    ],
    "productName": "Gāzēts dzēriens Sprite 0,5l",
    "productPriceOld": null,
    "productPrice": {
      "value": 1.39,
      "unit": "€/gab"
    },
    "productPricePerUnit": {
      "value": 2.78,
      "unit": "€/l"
    },
    "productPriceWithLoyaltyCard": null,
    "productPricePerUnitWithLoyaltyCard": null,
    "imageUrl": "https://rimibaltic-res.cloudinary.com/image/upload/d_ecommerce:backend-fallback.png/MAT_1367111_PCE_LV",
    "available": true,
    "discount": null
  },
  {
    "shop": "RIMI",
    "categories": [
      1,
      1002,
      10010021
    ],
    "productName": "Gāzēts dzēriens Fanta 0.5l",
    "productPriceOld": null,
    "productPrice": {
      "value": 1.39,
      "unit": "€/gab"
    },
    "productPricePerUnit": {
      "value": 2.78,
      "unit": "€/l"
    },
    "productPriceWithLoyaltyCard": null,
    "productPricePerUnitWithLoyaltyCard": null,
    "imageUrl": "https://rimibaltic-res.cloudinary.com/image/upload/d_ecommerce:backend-fallback.png/MAT_102725_PCE_LV",
    "available": true,
    "discount": null
  },
  {
    "shop": "RIMI",
    "categories": [
      1,
      1002,
      10010024
    ],
    "productName": "Minerālūdens Jermuk gāzēts 0,5l",
    "productPriceOld": null,
    "productPrice": {
      "value": 1.39,
      "unit": "€/gab"
    },
    "productPricePerUnit": {
      "value": 2.78,
      "unit": "€/l"
    },
    "productPriceWithLoyaltyCard": null,
    "productPricePerUnitWithLoyaltyCard": null,
    "imageUrl": "https://rimibaltic-res.cloudinary.com/image/upload/d_ecommerce:backend-fallback.png/MAT_1374616_PCE_LV",
    "available": true,
    "discount": null
  },
  {
    "shop": "RIMI",
    "categories": [
      1,
      1002,
      10010021
    ],
    "productName": "Gāz. dzēr. Fanta Orange Zero ar saldin. 0,5l",
    "productPriceOld": null,
    "productPrice": {
      "value": 1.39,
      "unit": "€/gab"
    },
    "productPricePerUnit": {
      "value": 2.78,
      "unit": "€/l"
    },
    "productPriceWithLoyaltyCard": null,
    "productPricePerUnitWithLoyaltyCard": null,
    "imageUrl": "https://rimibaltic-res.cloudinary.com/image/upload/d_ecommerce:backend-fallback.png/MAT_1368137_PCE_LV",
    "available": true,
    "discount": null
  },
  {
    "shop": "RIMI",
    "categories": [
      1,
      1002,
      10010021
    ],
    "productName": "Gāz.dzēr. Coca Cola Zero Laims ar saldin.0,5l",
    "productPriceOld": null,
    "productPrice": {
      "value": 1.39,
      "unit": "€/gab"
    },
    "productPricePerUnit": {
      "value": 2.78,
      "unit": "€/l"
    },
    "productPriceWithLoyaltyCard": null,
    "productPricePerUnitWithLoyaltyCard": null,
    "imageUrl": "https://rimibaltic-res.cloudinary.com/image/upload/d_ecommerce:backend-fallback.png/MAT_1373224_PCE_LV",
    "available": true,
    "discount": null
  },
  {
    "shop": "RIMI",
    "categories": [
      1,
      1003,
      1003001
    ],
    "productName": "Alus GO Pilsner gaišais bezalkoh. 0,5l",
    "productPriceOld": null,
    "productPrice": {
      "value": 1.39,
      "unit": "€/gab"
    },
    "productPricePerUnit": {
      "value": 2.78,
      "unit": "€/l"
    },
    "productPriceWithLoyaltyCard": null,
    "productPricePerUnitWithLoyaltyCard": null,
    "imageUrl": "https://rimibaltic-res.cloudinary.com/image/upload/d_ecommerce:backend-fallback.png/MAT_1359777_PCE_LV",
    "available": true,
    "discount": null
  },
  {
    "shop": "RIMI",
    "categories": [
      1,
      1002,
      10010021
    ],
    "productName": "Gāz. dzēriens Sprite Zero ar saldinātāju 0,5l",
    "productPriceOld": null,
    "productPrice": {
      "value": 1.39,
      "unit": "€/gab"
    },
    "productPricePerUnit": {
      "value": 2.78,
      "unit": "€/l"
    },
    "productPriceWithLoyaltyCard": null,
    "productPricePerUnitWithLoyaltyCard": null,
    "imageUrl": "https://rimibaltic-res.cloudinary.com/image/upload/d_ecommerce:backend-fallback.png/MAT_1367059_PCE_LV",
    "available": true,
    "discount": null
  },
  {
    "shop": "RIMI",
    "categories": [
      1,
      1001,
      1001001
    ],
    "productName": "Alus Tērvete Ķiršu 4,0% 0,5l",
    "productPriceOld": null,
    "productPrice": {
      "value": 1.89,
      "unit": "€/gab"
    },
    "productPricePerUnit": {
      "value": 3.78,
      "unit": "€/l"
    },
    "productPriceWithLoyaltyCard": {
      "value": 1.39,
      "unit": "€"
    },
    "productPricePerUnitWithLoyaltyCard": {
      "value": 2.78,
      "unit": "€/l"
    },
    "imageUrl": "https://rimibaltic-res.cloudinary.com/image/upload/d_ecommerce:backend-fallback.png/MAT_1374284_PCE_LV",
    "available": true,
    "discount": 26
  },
  {
    "shop": "RIMI",
    "categories": [
      1,
      1001,
      1001001
    ],
    "productName": "Alus Mežpils 5,3% 0,5l",
    "productPriceOld": null,
    "productPrice": {
      "value": 2.09,
      "unit": "€/gab"
    },
    "productPricePerUnit": {
      "value": 4.18,
      "unit": "€/l"
    },
    "productPriceWithLoyaltyCard": {
      "value": 1.39,
      "unit": "€"
    },
    "productPricePerUnitWithLoyaltyCard": {
      "value": 2.78,
      "unit": "€/l"
    },
    "imageUrl": "https://rimibaltic-res.cloudinary.com/image/upload/d_ecommerce:backend-fallback.png/MAT_1356492_PCE_LV",
    "available": true,
    "discount": 33
  },
  {
    "shop": "RIMI",
    "categories": [
      1,
      1001,
      1001001
    ],
    "productName": "Alus Iļģuciema Mežaparks 4,3% 0,5l",
    "productPriceOld": null,
    "productPrice": {
      "value": 1.85,
      "unit": "€/gab"
    },
    "productPricePerUnit": {
      "value": 3.7,
      "unit": "€/l"
    },
    "productPriceWithLoyaltyCard": {
      "value": 1.39,
      "unit": "€"
    },
    "productPricePerUnitWithLoyaltyCard": {
      "value": 2.78,
      "unit": "€/l"
    },
    "imageUrl": "https://rimibaltic-res.cloudinary.com/image/upload/d_ecommerce:backend-fallback.png/MAT_1368891_PCE_LV",
    "available": true,
    "discount": 25
  },
  {
    "shop": "MAXIMA",
    "categories": [
      1,
      1002,
      10010021
    ],
    "productName": "Gāzēts dzēriens MANGAĻI Aveņu-granātābolu 500ml D",
    "productPriceOld": null,
    "productPrice": {
      "value": 1.39,
      "unit": "€"
    },
    "productPricePerUnit": {
      "value": 2.78,
      "unit": "€/l"
    },
    "productPriceWithLoyaltyCard": null,
    "productPricePerUnitWithLoyaltyCard": null,
    "imageUrl": "https://cdn.barbora.lv/products/436a9b23-5ed9-4440-b7fd-f71de4bd4a22_s.png",
    "available": true,
    "discount": null
  },
  {
    "shop": "MAXIMA",
    "categories": [
      1,
      1002,
      10010021
    ],
    "productName": "Gāz.dz.MANGAĻI Līčij.greipfr.vit.500ml D",
    "productPriceOld": null,
    "productPrice": {
      "value": 1.39,
      "unit": "€"
    },
    "productPricePerUnit": {
      "value": 2.78,
      "unit": "€/l"
    },
    "productPriceWithLoyaltyCard": null,
    "productPricePerUnitWithLoyaltyCard": null,
    "imageUrl": "https://cdn.barbora.lv/products/c41faefe-547a-444c-8f96-fcd45c85ac7b_s.png",
    "available": true,
    "discount": null
  },
  {
    "shop": "MAXIMA",
    "categories": [
      1,
      1002,
      10010027
    ],
    "productName": "Iesala dzēriens PORTERIS gāzēts 0,5L D",
    "productPriceOld": null,
    "productPrice": {
      "value": 1.39,
      "unit": "€"
    },
    "productPricePerUnit": {
      "value": 2.78,
      "unit": "€/l"
    },
    "productPriceWithLoyaltyCard": null,
    "productPricePerUnitWithLoyaltyCard": null,
    "imageUrl": "https://cdn.barbora.lv/products/8cc15597-f86e-42a5-bfc6-9861d7950909_s.png",
    "available": true,
    "discount": null
  },
  {
    "shop": "MAXIMA",
    "categories": [
      1,
      1003,
      1003001
    ],
    "productName": "Alus TĒRVETE bezalk. 0,5% 500ml D",
    "productPriceOld": null,
    "productPrice": {
      "value": 1.39,
      "unit": "€"
    },
    "productPricePerUnit": {
      "value": 2.78,
      "unit": "€/l"
    },
    "productPriceWithLoyaltyCard": null,
    "productPricePerUnitWithLoyaltyCard": null,
    "imageUrl": "https://cdn.barbora.lv/products/ade24a19-0db9-4ec9-b0e6-8595d219d583_s.png",
    "available": true,
    "discount": null
  },
  {
    "shop": "MAXIMA",
    "categories": [
      1,
      1001,
      1001002
    ],
    "productName": "Sidrs DĀRZA Jāņogu 5,5% 0,5L D",
    "productPriceOld": {
      "value": 1.87,
      "unit": "€"
    },
    "productPrice": {
      "value": 1.87,
      "unit": "€"
    },
    "productPricePerUnit": {
      "value": 3.74,
      "unit": "€/l"
    },
    "productPriceWithLoyaltyCard": {
      "value": 1.39,
      "unit": "€"
    },
    "productPricePerUnitWithLoyaltyCard": {
      "value": 2.78,
      "unit": "€/l"
    },
    "imageUrl": "https://cdn.barbora.lv/products/54f1a451-196f-469f-b984-c1cfe30f5593_s.png",
    "available": true,
    "discount": 26
  },
  {
    "shop": "MAXIMA",
    "categories": [
      1,
      1003,
      1003001
    ],
    "productName": "Alus GO Pilsner b/a 0,5% 500ml sk.D",
    "productPriceOld": null,
    "productPrice": {
      "value": 1.39,
      "unit": "€"
    },
    "productPricePerUnit": {
      "value": 2.78,
      "unit": "€/l"
    },
    "productPriceWithLoyaltyCard": null,
    "productPricePerUnitWithLoyaltyCard": null,
    "imageUrl": "https://cdn.barbora.lv/products/984365e1-0ebd-4a6e-bd3e-5a83d6974206_s.png",
    "available": true,
    "discount": null
  },
  {
    "shop": "MAXIMA",
    "categories": [
      2,
      2001,
      2001004
    ],
    "productName": "Rudzu maize formas 1/2 Slāvu DONA 270g",
    "productPriceOld": null,
    "productPrice": {
      "value": 0.75,
      "unit": "€"
    },
    "productPricePerUnit": {
      "value": 2.78,
      "unit": "€/kg"
    },
    "productPriceWithLoyaltyCard": null,
    "productPricePerUnitWithLoyaltyCard": null,
    "imageUrl": "https://cdn.barbora.lv/products/efcd87b6-9f8a-4673-b249-fe892caa28e0_s.png",
    "available": true,
    "discount": null
  },
  {
    "shop": "CITRO",
    "categories": [
      1,
      1001,
      1001001
    ],
    "productName": "ALUS CĒSU LIGHT BEER 4.2% 0.5L CAN",
    "productPriceOld": null,
    "productPrice": null,
    "productPricePerUnit": {
      "value": 2.78,
      "unit": "€/L"
    },
    "productPriceWithLoyaltyCard": null,
    "productPricePerUnitWithLoyaltyCard": null,
    "imageUrl": "https://rezekne.citro.lv/wp-content/uploads/2022/03/4750142005048-300x300.jpg",
    "available": true,
    "discount": null
  },
  {
    "shop": "CITRO",
    "categories": [
      1,
      1002,
      10010022
    ],
    "productName": "ENERĢIJAS DZĒR. BATTERY 0.5L",
    "productPriceOld": null,
    "productPrice": null,
    "productPricePerUnit": {
      "value": 2.78,
      "unit": "€/L"
    },
    "productPriceWithLoyaltyCard": null,
    "productPricePerUnitWithLoyaltyCard": null,
    "imageUrl": "https://rezekne.citro.lv/wp-content/uploads/2022/03/4740019003772-300x300.jpg",
    "available": true,
    "discount": null
  },
  {
    "shop": "CITRO",
    "categories": [
      1,
      1002,
      10010022
    ],
    "productName": "ENERĢIJAS DZĒR. BATTERY 0.5L",
    "productPriceOld": null,
    "productPrice": null,
    "productPricePerUnit": {
      "value": 2.78,
      "unit": "€/L"
    },
    "productPriceWithLoyaltyCard": null,
    "productPricePerUnitWithLoyaltyCard": null,
    "imageUrl": "https://rezekne.citro.lv/wp-content/uploads/2022/03/4740019003772-300x300.jpg",
    "available": true,
    "discount": null
  },
  {
    "shop": "CITRO",
    "categories": [
      1,
      1002,
      10010022
    ],
    "productName": "ENERĢIJAS DZĒRIENS CULT ORIGINAL 0.5L CAN",
    "productPriceOld": null,
    "productPrice": null,
    "productPricePerUnit": {
      "value": 2.78,
      "unit": "€/L"
    },
    "productPriceWithLoyaltyCard": null,
    "productPricePerUnitWithLoyaltyCard": null,
    "imageUrl": "https://rezekne.citro.lv/wp-content/uploads/2022/05/4770477231806-300x300.jpg",
    "available": true,
    "discount": null
  },
  {
    "shop": "CITRO",
    "productName": "ENERĢIJAS DZERIENS DYNAMI:T STAR 0.5L",
    "productPriceOld": null,
    "productPrice": null,
    "productPricePerUnit": {
      "value": 2.78,
      "unit": "€/L"
    },
    "productPriceWithLoyaltyCard": null,
    "productPricePerUnitWithLoyaltyCard": null,
    "imageUrl": "https://rezekne.citro.lv/wp-content/uploads/2024/04/4750142007240-300x300.jpg",
    "available": true,
    "discount": null,
    "categories": [
      1,
      1002,
      10010022
    ]
  },
  {
    "shop": "CITRO",
    "productName": "ENERĢIJAS DZERIENS DYNAMI:T GUANABANA 0.5L",
    "productPriceOld": null,
    "productPrice": null,
    "productPricePerUnit": {
      "value": 2.78,
      "unit": "€/L"
    },
    "productPriceWithLoyaltyCard": null,
    "productPricePerUnitWithLoyaltyCard": null,
    "imageUrl": "https://rezekne.citro.lv/wp-content/uploads/2024/04/4750142007233-300x300.jpg",
    "available": true,
    "discount": null,
    "categories": [
      1,
      1002,
      10010022
    ]
  },
  {
    "shop": "RIMI",
    "categories": [
      2,
      2001,
      2001004,
      2001001
    ],
    "productName": "Rudzu maize Kuršu pilngraudu 390g",
    "productPriceOld": {
      "value": 1.39,
      "unit": "€"
    },
    "productPrice": {
      "value": 1.09,
      "unit": "€/gab"
    },
    "productPricePerUnit": {
      "value": 2.79,
      "unit": "€/kg"
    },
    "productPriceWithLoyaltyCard": null,
    "productPricePerUnitWithLoyaltyCard": null,
    "imageUrl": "https://rimibaltic-res.cloudinary.com/image/upload/d_ecommerce:backend-fallback.png/MAT_4000818_PCE_LV",
    "available": true,
    "discount": 22
  },
  {
    "shop": "RIMI",
    "categories": [
      1,
      1002,
      10010020
    ],
    "productName": "Sula Tymbark Apelsīnu 100% 1L",
    "productPriceOld": null,
    "productPrice": {
      "value": 2.79,
      "unit": "€/gab"
    },
    "productPricePerUnit": {
      "value": 2.79,
      "unit": "€/l"
    },
    "productPriceWithLoyaltyCard": null,
    "productPricePerUnitWithLoyaltyCard": null,
    "imageUrl": "https://rimibaltic-res.cloudinary.com/image/upload/d_ecommerce:backend-fallback.png/MAT_147392_PCE_LV",
    "available": true,
    "discount": null
  },
  {
    "shop": "RIMI",
    "categories": [
      1,
      1002,
      10010020
    ],
    "productName": "Granātābolu sula Rimi 1l",
    "productPriceOld": null,
    "productPrice": {
      "value": 3.49,
      "unit": "€/gab"
    },
    "productPricePerUnit": {
      "value": 3.49,
      "unit": "€/l"
    },
    "productPriceWithLoyaltyCard": {
      "value": 2.79,
      "unit": "€"
    },
    "productPricePerUnitWithLoyaltyCard": {
      "value": 2.79,
      "unit": "€/l"
    },
    "imageUrl": "https://rimibaltic-res.cloudinary.com/image/upload/d_ecommerce:backend-fallback.png/MAT_1373691_PCE_LV",
    "available": true,
    "discount": 20
  },
  {
    "shop": "RIMI",
    "categories": [
      1,
      1002,
      10010020
    ],
    "productName": "Tymbark Sula 100% 1L",
    "productPriceOld": null,
    "productPrice": {
      "value": 2.79,
      "unit": "€/gab"
    },
    "productPricePerUnit": {
      "value": 2.79,
      "unit": "€/l"
    },
    "productPriceWithLoyaltyCard": null,
    "productPricePerUnitWithLoyaltyCard": null,
    "imageUrl": "https://rimibaltic-res.cloudinary.com/image/upload/d_ecommerce:backend-fallback.png/MAT_1356389_PCE_LV",
    "available": true,
    "discount": null
  },
  {
    "shop": "RIMI",
    "categories": [
      1,
      1001,
      1001001
    ],
    "productName": "Alus Iļģuciema Senču 4,2% 1l",
    "productPriceOld": null,
    "productPrice": {
      "value": 2.79,
      "unit": "€/gab"
    },
    "productPricePerUnit": {
      "value": 2.79,
      "unit": "€/l"
    },
    "productPriceWithLoyaltyCard": null,
    "productPricePerUnitWithLoyaltyCard": null,
    "imageUrl": "https://rimibaltic-res.cloudinary.com/image/upload/d_ecommerce:backend-fallback.png/MAT_1371566_PCE_LV",
    "available": true,
    "discount": null
  },
  {
    "shop": "MAXIMA",
    "categories": [
      1,
      1002,
      10010020
    ],
    "productName": "Sula TYMBARK apelsīnu 100% 1L",
    "productPriceOld": null,
    "productPrice": {
      "value": 2.79,
      "unit": "€"
    },
    "productPricePerUnit": {
      "value": 2.79,
      "unit": "€/l"
    },
    "productPriceWithLoyaltyCard": null,
    "productPricePerUnitWithLoyaltyCard": null,
    "imageUrl": "https://cdn.barbora.lv/products/da1c54bc-1eeb-4aa7-b470-e67b4b8e8e89_s.png",
    "available": true,
    "discount": null
  },
  {
    "shop": "MAXIMA",
    "categories": [
      1,
      1002,
      10010020
    ],
    "productName": "Sula apelsīnu WELL DONE 1L PET D",
    "productPriceOld": null,
    "productPrice": {
      "value": 2.79,
      "unit": "€"
    },
    "productPricePerUnit": {
      "value": 2.79,
      "unit": "€/l"
    },
    "productPriceWithLoyaltyCard": null,
    "productPricePerUnitWithLoyaltyCard": null,
    "imageUrl": "https://cdn.barbora.lv/products/65b5592e-ecf2-433b-bc2a-e59b45477b77_s.png",
    "available": true,
    "discount": null
  },
  {
    "shop": "MAXIMA",
    "categories": [
      1,
      1002,
      10010020
    ],
    "productName": "Sula TYMBARK multivitamīnu 100% 1L",
    "productPriceOld": null,
    "productPrice": {
      "value": 2.79,
      "unit": "€"
    },
    "productPricePerUnit": {
      "value": 2.79,
      "unit": "€/l"
    },
    "productPriceWithLoyaltyCard": null,
    "productPricePerUnitWithLoyaltyCard": null,
    "imageUrl": "https://cdn.barbora.lv/products/e72c5f1d-ed49-459f-8547-9d67f3e50a13_s.png",
    "available": true,
    "discount": null
  },
  {
    "shop": "MAXIMA",
    "categories": [
      1,
      1002,
      10010020
    ],
    "productName": "Nektārs CIDO Exclusive granātābolu 1L",
    "productPriceOld": null,
    "productPrice": {
      "value": 2.79,
      "unit": "€"
    },
    "productPricePerUnit": {
      "value": 2.79,
      "unit": "€/l"
    },
    "productPriceWithLoyaltyCard": null,
    "productPricePerUnitWithLoyaltyCard": null,
    "imageUrl": "https://cdn.barbora.lv/products/32ff2928-8cb1-47e9-9adc-2d5d6d0d3c83_s.png",
    "available": true,
    "discount": null
  },
  {
    "shop": "CITRO",
    "categories": [
      1,
      1001,
      1001001
    ],
    "productName": "ALUS PIEBALGAS MEDALUS 5,6% 1L PET",
    "productPriceOld": null,
    "productPrice": null,
    "productPricePerUnit": {
      "value": 2.79,
      "unit": "€/L"
    },
    "productPriceWithLoyaltyCard": null,
    "productPricePerUnitWithLoyaltyCard": null,
    "imageUrl": "https://rezekne.citro.lv/wp-content/uploads/2023/03/4750142006755-300x300.jpg",
    "available": true,
    "discount": null
  },
  {
    "shop": "CITRO",
    "categories": [
      2,
      2001,
      2001004
    ],
    "productName": "MAIZE RUDZU GAIŠĀ ZELTENE 390G LATVIJASM",
    "productPriceOld": {
      "value": 1.19,
      "unit": "€"
    },
    "productPrice": {
      "value": 1.09,
      "unit": "€"
    },
    "productPricePerUnit": {
      "value": 2.79,
      "unit": "€/KG"
    },
    "productPriceWithLoyaltyCard": null,
    "productPricePerUnitWithLoyaltyCard": null,
    "imageUrl": "https://rezekne.citro.lv/wp-content/uploads/2020/09/4750192732420-300x300.jpg",
    "available": true,
    "discount": 8
  },
  {
    "shop": "RIMI",
    "categories": [
      1,
      1001,
      1001001
    ],
    "productName": "Alus Brūža ķiršu sārtais 4,5% 0,568l",
    "productPriceOld": null,
    "productPrice": {
      "value": 1.85,
      "unit": "€/gab"
    },
    "productPricePerUnit": {
      "value": 3.26,
      "unit": "€/l"
    },
    "productPriceWithLoyaltyCard": {
      "value": 1.59,
      "unit": "€"
    },
    "productPricePerUnitWithLoyaltyCard": {
      "value": 2.8,
      "unit": "€/l"
    },
    "imageUrl": "https://rimibaltic-res.cloudinary.com/image/upload/d_ecommerce:backend-fallback.png/MAT_1363739_PCE_LV",
    "available": true,
    "discount": 14
  },
  {
    "shop": "RIMI",
    "categories": [
      2,
      2001,
      2001004
    ],
    "productName": "Gaišā rudzu maize Latvijas graudu sēklu 800g",
    "productPriceOld": null,
    "productPrice": {
      "value": 2.25,
      "unit": "€/gab"
    },
    "productPricePerUnit": {
      "value": 2.81,
      "unit": "€/kg"
    },
    "productPriceWithLoyaltyCard": null,
    "productPricePerUnitWithLoyaltyCard": null,
    "imageUrl": "https://rimibaltic-res.cloudinary.com/image/upload/d_ecommerce:backend-fallback.png/MAT_952274_PCE_LV",
    "available": true,
    "discount": null
  },
  {
    "shop": "MAXIMA",
    "categories": [
      2,
      2001,
      2001004
    ],
    "productName": "Alus CĒSU BRŪŽA Rudzugraudu 4,2% 0,5L D",
    "productPriceOld": null,
    "productPrice": {
      "value": 1.41,
      "unit": "€"
    },
    "productPricePerUnit": {
      "value": 2.82,
      "unit": "€/l"
    },
    "productPriceWithLoyaltyCard": null,
    "productPricePerUnitWithLoyaltyCard": null,
    "imageUrl": "https://cdn.barbora.lv/products/2c430a8e-3f53-4a08-ad83-4b49f63e48fe_s.png",
    "available": true,
    "discount": null
  },
  {
    "shop": "MAXIMA",
    "categories": [
      1,
      1001,
      1001001
    ],
    "productName": "Alus LĀČPLĒSIS gaišais 5% 0,5L D",
    "productPriceOld": null,
    "productPrice": {
      "value": 1.41,
      "unit": "€"
    },
    "productPricePerUnit": {
      "value": 2.82,
      "unit": "€/l"
    },
    "productPriceWithLoyaltyCard": null,
    "productPricePerUnitWithLoyaltyCard": null,
    "imageUrl": "https://cdn.barbora.lv/products/1a057baf-1f86-490d-bd4c-3def9f99a04f_s.png",
    "available": true,
    "discount": null
  },
  {
    "shop": "RIMI",
    "categories": [
      2,
      2001,
      2001003
    ],
    "productName": "Kliju tostermaize Latvijas Zeltene 350g",
    "productPriceOld": {
      "value": 1.19,
      "unit": "€"
    },
    "productPrice": {
      "value": 0.99,
      "unit": "€/gab"
    },
    "productPricePerUnit": {
      "value": 2.83,
      "unit": "€/kg"
    },
    "productPriceWithLoyaltyCard": null,
    "productPricePerUnitWithLoyaltyCard": null,
    "imageUrl": "https://rimibaltic-res.cloudinary.com/image/upload/d_ecommerce:backend-fallback.png/MAT_4001107_PCE_LV",
    "available": true,
    "discount": 17
  },
  {
    "shop": "MAXIMA",
    "categories": [
      1,
      1002,
      10010020
    ],
    "productName": "Nektārs KUBUŠ GO burk.-ban.-āb. 300ml D",
    "productPriceOld": null,
    "productPrice": {
      "value": 0.85,
      "unit": "€"
    },
    "productPricePerUnit": {
      "value": 2.83,
      "unit": "€/l"
    },
    "productPriceWithLoyaltyCard": null,
    "productPricePerUnitWithLoyaltyCard": null,
    "imageUrl": "https://cdn.barbora.lv/products/fa3eed1b-7671-4250-a656-5f52d2fd69e0_s.png",
    "available": true,
    "discount": null
  },
  {
    "shop": "MAXIMA",
    "categories": [
      1,
      1001,
      1001001
    ],
    "productName": "Alus MADONAS 5,2% 0,5L D",
    "productPriceOld": null,
    "productPrice": {
      "value": 1.42,
      "unit": "€"
    },
    "productPricePerUnit": {
      "value": 2.84,
      "unit": "€/l"
    },
    "productPriceWithLoyaltyCard": null,
    "productPricePerUnitWithLoyaltyCard": null,
    "imageUrl": "https://cdn.barbora.lv/products/fb15cbcd-a74b-4e72-afed-fbe2f67c63cf_s.png",
    "available": true,
    "discount": null
  },
  {
    "shop": "MAXIMA",
    "categories": [
      2,
      2001,
      2001004
    ],
    "productName": "Rudzu maize ar ķimenēm 490g",
    "productPriceOld": null,
    "productPrice": {
      "value": 1.39,
      "unit": "€"
    },
    "productPricePerUnit": {
      "value": 2.84,
      "unit": "€/kg"
    },
    "productPriceWithLoyaltyCard": null,
    "productPricePerUnitWithLoyaltyCard": null,
    "imageUrl": "https://cdn.barbora.lv/products/cdb61aec-3d17-4937-974e-3641e315f28c_s.png",
    "available": true,
    "discount": null
  },
  {
    "shop": "MAXIMA",
    "categories": [
      2,
      2001,
      2001004,
      2001001
    ],
    "productName": "Rudzu pilngraudu maize KURŠU puse 390g",
    "productPriceOld": {
      "value": 1.39,
      "unit": "€"
    },
    "productPrice": {
      "value": 1.11,
      "unit": "€"
    },
    "productPricePerUnit": {
      "value": 2.84,
      "unit": "€/kg"
    },
    "productPriceWithLoyaltyCard": null,
    "productPricePerUnitWithLoyaltyCard": null,
    "imageUrl": "https://cdn.barbora.lv/products/da5759c5-f302-4698-92e4-1ea2dd5b5b56_s.png",
    "available": true,
    "discount": 20
  },
  {
    "shop": "RIMI",
    "categories": [
      1,
      1001,
      1001001
    ],
    "productName": "Alus Piebalgas Ķenča 5,2% 1l",
    "productPriceOld": null,
    "productPrice": {
      "value": 2.85,
      "unit": "€/gab"
    },
    "productPricePerUnit": {
      "value": 2.85,
      "unit": "€/l"
    },
    "productPriceWithLoyaltyCard": null,
    "productPricePerUnitWithLoyaltyCard": null,
    "imageUrl": "https://rimibaltic-res.cloudinary.com/image/upload/d_ecommerce:backend-fallback.png/MAT_1370722_PCE_LV",
    "available": true,
    "discount": null
  },
  {
    "shop": "MAXIMA",
    "categories": [
      1,
      1001,
      1001001
    ],
    "productName": "Alus CĒSU BRŪŽA nefiltr. 5,4% 0,568L sk.",
    "productPriceOld": null,
    "productPrice": {
      "value": 1.62,
      "unit": "€"
    },
    "productPricePerUnit": {
      "value": 2.85,
      "unit": "€/l"
    },
    "productPriceWithLoyaltyCard": null,
    "productPricePerUnitWithLoyaltyCard": null,
    "imageUrl": "https://cdn.barbora.lv/products/f47111c1-f7cd-4939-9f7e-f62334844007_s.png",
    "available": true,
    "discount": null
  },
  {
    "shop": "MAXIMA",
    "categories": [
      1,
      1001,
      1001001
    ],
    "productName": "Alus ZELTA 5,2% 0,568L skārd.D",
    "productPriceOld": null,
    "productPrice": {
      "value": 1.62,
      "unit": "€"
    },
    "productPricePerUnit": {
      "value": 2.85,
      "unit": "€/l"
    },
    "productPriceWithLoyaltyCard": null,
    "productPricePerUnitWithLoyaltyCard": null,
    "imageUrl": "https://cdn.barbora.lv/products/735c73e0-0442-4c0c-830a-ab697916dc51_s.png",
    "available": true,
    "discount": null
  },
  {
    "shop": "RIMI",
    "categories": [
      1,
      1002,
      10010024
    ],
    "productName": "Ūdens Oshee vitaminizēts minerals 0,555l",
    "productPriceOld": null,
    "productPrice": {
      "value": 1.59,
      "unit": "€/gab"
    },
    "productPricePerUnit": {
      "value": 2.86,
      "unit": "€/l"
    },
    "productPriceWithLoyaltyCard": null,
    "productPricePerUnitWithLoyaltyCard": null,
    "imageUrl": "https://rimibaltic-res.cloudinary.com/image/upload/d_ecommerce:backend-fallback.png/MAT_1363995_PCE_LV",
    "available": true,
    "discount": null
  },
  {
    "shop": "RIMI",
    "categories": [
      1,
      1002,
      10010024
    ],
    "productName": "Ūdens Oshee vitaminizēts magn. + B6 0,555l",
    "productPriceOld": null,
    "productPrice": {
      "value": 1.59,
      "unit": "€/gab"
    },
    "productPricePerUnit": {
      "value": 2.86,
      "unit": "€/l"
    },
    "productPriceWithLoyaltyCard": null,
    "productPricePerUnitWithLoyaltyCard": null,
    "imageUrl": "https://rimibaltic-res.cloudinary.com/image/upload/d_ecommerce:backend-fallback.png/MAT_1363993_PCE_LV",
    "available": true,
    "discount": null
  },
  {
    "shop": "RIMI",
    "categories": [
      1,
      1002,
      10010024
    ],
    "productName": "Ūdens Oshee vitaminizēts Zero 0,555l",
    "productPriceOld": null,
    "productPrice": {
      "value": 1.59,
      "unit": "€/gab"
    },
    "productPricePerUnit": {
      "value": 2.86,
      "unit": "€/l"
    },
    "productPriceWithLoyaltyCard": null,
    "productPricePerUnitWithLoyaltyCard": null,
    "imageUrl": "https://rimibaltic-res.cloudinary.com/image/upload/d_ecommerce:backend-fallback.png/MAT_1363994_PCE_LV",
    "available": true,
    "discount": null
  },
  {
    "shop": "MAXIMA",
    "categories": [
      1,
      1002,
      10010027
    ],
    "productName": "Dzēr.Vitamin Magnesium+B6 OSHEE 555ml D",
    "productPriceOld": null,
    "productPrice": {
      "value": 1.59,
      "unit": "€"
    },
    "productPricePerUnit": {
      "value": 2.86,
      "unit": "€/l"
    },
    "productPriceWithLoyaltyCard": null,
    "productPricePerUnitWithLoyaltyCard": null,
    "imageUrl": "https://cdn.barbora.lv/products/e2a3d4e3-46af-4f70-a625-4ce6695f3ef3_s.png",
    "available": true,
    "discount": null
  },
  {
    "shop": "MAXIMA",
    "categories": [
      1,
      1002,
      10010027
    ],
    "productName": "Dzēr.Vitamin Vitam+Mineral OSHEE 555ml D",
    "productPriceOld": null,
    "productPrice": {
      "value": 1.59,
      "unit": "€"
    },
    "productPricePerUnit": {
      "value": 2.86,
      "unit": "€/l"
    },
    "productPriceWithLoyaltyCard": null,
    "productPricePerUnitWithLoyaltyCard": null,
    "imageUrl": "https://cdn.barbora.lv/products/812846ab-376b-426a-a256-2b1c70c345ec_s.png",
    "available": true,
    "discount": null
  },
  {
    "shop": "RIMI",
    "categories": [
      1,
      1002,
      10010024
    ],
    "productName": "Dabīgais minerālūdens Zaķumuiža Tuta 0,31l",
    "productPriceOld": null,
    "productPrice": {
      "value": 0.89,
      "unit": "€/gab"
    },
    "productPricePerUnit": {
      "value": 2.87,
      "unit": "€/l"
    },
    "productPriceWithLoyaltyCard": null,
    "productPricePerUnitWithLoyaltyCard": null,
    "imageUrl": "https://rimibaltic-res.cloudinary.com/image/upload/d_ecommerce:backend-fallback.png/MAT_1372439_PCE_LV",
    "available": true,
    "discount": null
  },
  {
    "shop": "MAXIMA",
    "categories": [
      2,
      2001,
      20010012
    ],
    "productName": "Maize Ciabatta tumšā 310g",
    "productPriceOld": null,
    "productPrice": {
      "value": 0.89,
      "unit": "€"
    },
    "productPricePerUnit": {
      "value": 2.87,
      "unit": "€/kg"
    },
    "productPriceWithLoyaltyCard": null,
    "productPricePerUnitWithLoyaltyCard": null,
    "imageUrl": "https://cdn.barbora.lv/products/00ad5b87-6213-4e8a-88fa-3e1135ee70a1_s.png",
    "available": true,
    "discount": null
  },
  {
    "shop": "MAXIMA",
    "categories": [
      2,
      2001,
      20010012
    ],
    "productName": "Maize Ciabatta gaišā 310g",
    "productPriceOld": null,
    "productPrice": {
      "value": 0.89,
      "unit": "€"
    },
    "productPricePerUnit": {
      "value": 2.87,
      "unit": "€/kg"
    },
    "productPriceWithLoyaltyCard": null,
    "productPricePerUnitWithLoyaltyCard": null,
    "imageUrl": "https://cdn.barbora.lv/products/df3aa7a7-169a-4830-aba9-4816aa65b047_s.png",
    "available": true,
    "discount": null
  },
  {
    "shop": "MAXIMA",
    "categories": [
      1,
      1002,
      10010022
    ],
    "productName": "Enerģijas dzēriens BATTERY 0,5L D",
    "productPriceOld": null,
    "productPrice": {
      "value": 1.44,
      "unit": "€"
    },
    "productPricePerUnit": {
      "value": 2.88,
      "unit": "€/l"
    },
    "productPriceWithLoyaltyCard": null,
    "productPricePerUnitWithLoyaltyCard": null,
    "imageUrl": "https://cdn.barbora.lv/products/8fc78b0a-4a9e-4c8c-a22e-f6c13877d65d_s.png",
    "available": true,
    "discount": null
  },
  {
    "shop": "MAXIMA",
    "categories": [
      1,
      1003,
      1003001
    ],
    "productName": "Bezalk.alus ZELTA RADL.greipf.500ml sk.D",
    "productPriceOld": null,
    "productPrice": {
      "value": 1.44,
      "unit": "€"
    },
    "productPricePerUnit": {
      "value": 2.88,
      "unit": "€/l"
    },
    "productPriceWithLoyaltyCard": null,
    "productPricePerUnitWithLoyaltyCard": null,
    "imageUrl": "https://cdn.barbora.lv/products/382ae6d3-163e-4135-8325-852c4259fa2f_s.png",
    "available": true,
    "discount": null
  },
  {
    "shop": "MAXIMA",
    "categories": [
      1,
      1001,
      1001002
    ],
    "productName": "Sidrs SOMERSBY PEAR 4,5% 0,5L D",
    "productPriceOld": null,
    "productPrice": {
      "value": 1.44,
      "unit": "€"
    },
    "productPricePerUnit": {
      "value": 2.88,
      "unit": "€/l"
    },
    "productPriceWithLoyaltyCard": null,
    "productPricePerUnitWithLoyaltyCard": null,
    "imageUrl": "https://cdn.barbora.lv/products/8068bd55-8584-44fa-8884-585b9640b4da_s.png",
    "available": true,
    "discount": null
  },
  {
    "shop": "CITRO",
    "categories": [
      1,
      1002,
      10010021
    ],
    "productName": "DZĒRIENS GĀZ. FANTA ORANGE 0.33L CAN",
    "productPriceOld": null,
    "productPrice": null,
    "productPricePerUnit": {
      "value": 2.88,
      "unit": "€/L"
    },
    "productPriceWithLoyaltyCard": null,
    "productPricePerUnitWithLoyaltyCard": null,
    "imageUrl": "https://rezekne.citro.lv/wp-content/uploads/2023/05/5000112651638-300x300.jpg",
    "available": true,
    "discount": null
  },
  {
    "shop": "CITRO",
    "categories": [
      1,
      1002,
      10010021
    ],
    "productName": "DZĒRIENS GĀZ. COCA-COLA 0.33L CAN",
    "productPriceOld": null,
    "productPrice": null,
    "productPricePerUnit": {
      "value": 2.88,
      "unit": "€/L"
    },
    "productPriceWithLoyaltyCard": null,
    "productPricePerUnitWithLoyaltyCard": null,
    "imageUrl": "https://rezekne.citro.lv/wp-content/uploads/2023/05/5449000000996-300x300.jpg",
    "available": true,
    "discount": null
  },
  {
    "shop": "CITRO",
    "categories": [
      1,
      1002,
      10010021
    ],
    "productName": "DZĒRIENS GĀZĒTS SUPER MANKI 0.33L CAN",
    "productPriceOld": null,
    "productPrice": null,
    "productPricePerUnit": {
      "value": 2.88,
      "unit": "€/L"
    },
    "productPriceWithLoyaltyCard": null,
    "productPricePerUnitWithLoyaltyCard": null,
    "imageUrl": "https://rezekne.citro.lv/wp-content/uploads/2024/09/4750049002898-300x300.jpg",
    "available": true,
    "discount": null
  },
  {
    "shop": "CITRO",
    "categories": [
      1,
      1002,
      10010021
    ],
    "productName": "DZĒRIENS SUPER MANKI BANANA 0.33L SKĀRD.",
    "productPriceOld": null,
    "productPrice": null,
    "productPricePerUnit": {
      "value": 2.88,
      "unit": "€/L"
    },
    "productPriceWithLoyaltyCard": null,
    "productPricePerUnitWithLoyaltyCard": null,
    "imageUrl": "https://rezekne.citro.lv/wp-content/uploads/2024/09/4750049004137-300x300.jpg",
    "available": true,
    "discount": null
  },
  {
    "shop": "CITRO",
    "categories": [
      2,
      2001,
      2001004
    ],
    "productName": "MAIZE GARDĀ RUDZU PUSKLAIPS 400G FAZER",
    "productPriceOld": {
      "value": 1.39,
      "unit": "€"
    },
    "productPrice": {
      "value": 1.15,
      "unit": "€"
    },
    "productPricePerUnit": {
      "value": 2.88,
      "unit": "€/KG"
    },
    "productPriceWithLoyaltyCard": null,
    "productPricePerUnitWithLoyaltyCard": null,
    "imageUrl": "https://rezekne.citro.lv/wp-content/uploads/2020/05/4750212902062-300x300.jpg",
    "available": true,
    "discount": 17
  },
  {
    "shop": "RIMI",
    "categories": [
      1,
      1002,
      10010020
    ],
    "productName": "Sulas dzēriens Cido sarkano apelsīnu 1l",
    "productPriceOld": null,
    "productPrice": {
      "value": 2.89,
      "unit": "€/gab"
    },
    "productPricePerUnit": {
      "value": 2.89,
      "unit": "€/l"
    },
    "productPriceWithLoyaltyCard": null,
    "productPricePerUnitWithLoyaltyCard": null,
    "imageUrl": "https://rimibaltic-res.cloudinary.com/image/upload/d_ecommerce:backend-fallback.png/MAT_165843_PCE_LV",
    "available": true,
    "discount": null
  },
  {
    "shop": "RIMI",
    "categories": [
      1,
      1002,
      10010020
    ],
    "productName": "Sarkano vīnogu sula Don Simon 100% 1l",
    "productPriceOld": null,
    "productPrice": {
      "value": 3.39,
      "unit": "€/gab"
    },
    "productPricePerUnit": {
      "value": 3.39,
      "unit": "€/l"
    },
    "productPriceWithLoyaltyCard": {
      "value": 2.89,
      "unit": "€"
    },
    "productPricePerUnitWithLoyaltyCard": {
      "value": 2.89,
      "unit": "€/l"
    },
    "imageUrl": "https://rimibaltic-res.cloudinary.com/image/upload/d_ecommerce:backend-fallback.png/MAT_1015417_PCE_LV",
    "available": true,
    "discount": 15
  },
  {
    "shop": "MAXIMA",
    "categories": [
      1,
      1002,
      10010020
    ],
    "productName": "Sulas dz.GRANINI Apelsīnu-Mango 40% 1L D",
    "productPriceOld": {
      "value": 3.73,
      "unit": "€"
    },
    "productPrice": {
      "value": 3.73,
      "unit": "€"
    },
    "productPricePerUnit": {
      "value": 3.73,
      "unit": "€/l"
    },
    "productPriceWithLoyaltyCard": {
      "value": 2.89,
      "unit": "€"
    },
    "productPricePerUnitWithLoyaltyCard": {
      "value": 2.89,
      "unit": "€/l"
    },
    "imageUrl": "https://cdn.barbora.lv/products/859be88c-fe5e-418e-973b-67c239679fb8_s.png",
    "available": true,
    "discount": 23
  },
  {
    "shop": "RIMI",
    "categories": [
      2,
      2001,
      2001002
    ],
    "productName": "Baltmaize dienišķā ar sviestu 500g",
    "productPriceOld": null,
    "productPrice": {
      "value": 1.45,
      "unit": "€/gab"
    },
    "productPricePerUnit": {
      "value": 2.9,
      "unit": "€/gab"
    },
    "productPriceWithLoyaltyCard": null,
    "productPricePerUnitWithLoyaltyCard": null,
    "imageUrl": "https://rimibaltic-res.cloudinary.com/image/upload/d_ecommerce:backend-fallback.png/MAT_974687_PCE_LV",
    "available": true,
    "discount": null
  },
  {
    "shop": "RIMI",
    "categories": [
      1,
      1002,
      10010020
    ],
    "productName": "Sula Cido vīnogu nektārs 200ml",
    "productPriceOld": {
      "value": 0.65,
      "unit": "€"
    },
    "productPrice": {
      "value": 0.58,
      "unit": "€/gab"
    },
    "productPricePerUnit": {
      "value": 2.9,
      "unit": "€/l"
    },
    "productPriceWithLoyaltyCard": null,
    "productPricePerUnitWithLoyaltyCard": null,
    "imageUrl": "https://rimibaltic-res.cloudinary.com/image/upload/d_ecommerce:backend-fallback.png/MAT_113823_PCE_LV",
    "available": true,
    "discount": 11
  },
  {
    "shop": "RIMI",
    "categories": [
      1,
      1002,
      10010021
    ],
    "productName": "Gāzēts dzēriens Cult Caffeine Free 0,5l",
    "productPriceOld": null,
    "productPrice": {
      "value": 1.45,
      "unit": "€/gab"
    },
    "productPricePerUnit": {
      "value": 2.9,
      "unit": "€/l"
    },
    "productPriceWithLoyaltyCard": null,
    "productPricePerUnitWithLoyaltyCard": null,
    "imageUrl": "https://rimibaltic-res.cloudinary.com/image/upload/d_ecommerce:backend-fallback.png/MAT_1374427_PCE_LV",
    "available": true,
    "discount": null
  },
  {
    "shop": "RIMI",
    "categories": [
      1,
      1001,
      1001001
    ],
    "productName": "Alus Lāčplēša gaišais 5% 0,5l",
    "productPriceOld": null,
    "productPrice": {
      "value": 1.45,
      "unit": "€/gab"
    },
    "productPricePerUnit": {
      "value": 2.9,
      "unit": "€/l"
    },
    "productPriceWithLoyaltyCard": null,
    "productPricePerUnitWithLoyaltyCard": null,
    "imageUrl": "https://rimibaltic-res.cloudinary.com/image/upload/d_ecommerce:backend-fallback.png/MAT_461009_PCE_LV",
    "available": true,
    "discount": null
  },
  {
    "shop": "RIMI",
    "categories": [
      1,
      1001,
      1001001
    ],
    "productName": "Alus Zelta Premium 5,2% 0,568l",
    "productPriceOld": null,
    "productPrice": {
      "value": 1.65,
      "unit": "€/gab"
    },
    "productPricePerUnit": {
      "value": 2.9,
      "unit": "€/l"
    },
    "productPriceWithLoyaltyCard": null,
    "productPricePerUnitWithLoyaltyCard": null,
    "imageUrl": "https://rimibaltic-res.cloudinary.com/image/upload/d_ecommerce:backend-fallback.png/MAT_1356951_PCE_LV",
    "available": true,
    "discount": null
  },
  {
    "shop": "MAXIMA",
    "categories": [
      1,
      1002,
      10010023
    ],
    "productName": "Kvass BAUSKAS 0,5L stikls D",
    "productPriceOld": null,
    "productPrice": {
      "value": 1.45,
      "unit": "€"
    },
    "productPricePerUnit": {
      "value": 2.9,
      "unit": "€/l"
    },
    "productPriceWithLoyaltyCard": null,
    "productPricePerUnitWithLoyaltyCard": null,
    "imageUrl": "https://cdn.barbora.lv/products/3ce2259e-0d13-4c2e-82e7-aac6868057dc_s.png",
    "available": true,
    "discount": null
  },
  {
    "shop": "MAXIMA",
    "categories": [
      1,
      1003,
      1003001
    ],
    "productName": "Alus PIEBALGAS b/a 0% 500ml D",
    "productPriceOld": null,
    "productPrice": {
      "value": 1.45,
      "unit": "€"
    },
    "productPricePerUnit": {
      "value": 2.9,
      "unit": "€/l"
    },
    "productPriceWithLoyaltyCard": null,
    "productPricePerUnitWithLoyaltyCard": null,
    "imageUrl": "https://cdn.barbora.lv/products/2b6cd385-5961-43ae-a55a-71ef37684d45_s.png",
    "available": true,
    "discount": null
  },
  {
    "shop": "MAXIMA",
    "categories": [
      1,
      1001,
      1001002
    ],
    "productName": "Sidrs SOMERSBY APPLE 4,5% 0,5L skārd. D",
    "productPriceOld": {
      "value": 2.35,
      "unit": "€"
    },
    "productPrice": {
      "value": 2.35,
      "unit": "€"
    },
    "productPricePerUnit": {
      "value": 4.7,
      "unit": "€/l"
    },
    "productPriceWithLoyaltyCard": {
      "value": 1.45,
      "unit": "€"
    },
    "productPricePerUnitWithLoyaltyCard": {
      "value": 2.9,
      "unit": "€/l"
    },
    "imageUrl": "https://cdn.barbora.lv/products/05a133b2-22f7-499e-983e-7654c2491c87_s.png",
    "available": true,
    "discount": 38
  },
  {
    "shop": "MAXIMA",
    "categories": [
      1,
      1001,
      1001002
    ],
    "productName": "Sidrs SOMERSBY Watermelon 4,5% 0,5L D",
    "productPriceOld": {
      "value": 2.35,
      "unit": "€"
    },
    "productPrice": {
      "value": 2.35,
      "unit": "€"
    },
    "productPricePerUnit": {
      "value": 4.7,
      "unit": "€/l"
    },
    "productPriceWithLoyaltyCard": {
      "value": 1.45,
      "unit": "€"
    },
    "productPricePerUnitWithLoyaltyCard": {
      "value": 2.9,
      "unit": "€/l"
    },
    "imageUrl": "https://cdn.barbora.lv/products/b2dec1b9-7a60-4110-ba15-abe9693b2ce0_s.png",
    "available": true,
    "discount": 38
  },
  {
    "shop": "CITRO",
    "categories": [
      1,
      1001,
      1001002
    ],
    "productName": "SIDRS SOMERSBY APPLE 4.5% 0.5L CAN",
    "productPriceOld": {
      "value": 1.99,
      "unit": "€"
    },
    "productPrice": {
      "value": 1.45,
      "unit": "€"
    },
    "productPricePerUnit": {
      "value": 2.9,
      "unit": "€/L"
    },
    "productPriceWithLoyaltyCard": null,
    "productPricePerUnitWithLoyaltyCard": null,
    "imageUrl": "https://rezekne.citro.lv/wp-content/uploads/2022/05/4740019003680-300x300.jpg",
    "available": true,
    "discount": 27
  },
  {
    "shop": "CITRO",
    "categories": [
      1,
      1001,
      1001002
    ],
    "productName": "SIDRS SOMERSBY PEAR 4.5% 0.5L CAN",
    "productPriceOld": {
      "value": 1.99,
      "unit": "€"
    },
    "productPrice": {
      "value": 1.45,
      "unit": "€"
    },
    "productPricePerUnit": {
      "value": 2.9,
      "unit": "€/L"
    },
    "productPriceWithLoyaltyCard": null,
    "productPricePerUnitWithLoyaltyCard": null,
    "imageUrl": "https://rezekne.citro.lv/wp-content/uploads/2022/05/4740019003703-300x300.jpg",
    "available": true,
    "discount": 27
  },
  {
    "shop": "CITRO",
    "categories": [
      2,
      2001,
      2001008
    ],
    "productName": "MAIZE LATVIJAS GRAUDU SĒKLU 500G LATVIJASM",
    "productPriceOld": {
      "value": 1.85,
      "unit": "€"
    },
    "productPrice": {
      "value": 1.45,
      "unit": "€"
    },
    "productPricePerUnit": {
      "value": 2.9,
      "unit": "€/KG"
    },
    "productPriceWithLoyaltyCard": null,
    "productPricePerUnitWithLoyaltyCard": null,
    "imageUrl": "https://rezekne.citro.lv/wp-content/uploads/2021/11/4750192732215-300x300.jpg",
    "available": true,
    "discount": 22
  },
  {
    "shop": "RIMI",
    "categories": [
      1,
      1002,
      10010021
    ],
    "productName": "Gāz. dzēr. Fanta Orange Zero ar saldin. 0,33l",
    "productPriceOld": null,
    "productPrice": {
      "value": 0.99,
      "unit": "€/gab"
    },
    "productPricePerUnit": {
      "value": 2.91,
      "unit": "€/l"
    },
    "productPriceWithLoyaltyCard": null,
    "productPricePerUnitWithLoyaltyCard": null,
    "imageUrl": "https://rimibaltic-res.cloudinary.com/image/upload/d_ecommerce:backend-fallback.png/MAT_1371693_PCE_LV",
    "available": true,
    "discount": null
  },
  {
    "shop": "RIMI",
    "categories": [
      1,
      1002,
      10010021
    ],
    "productName": "Gāzēts dzēriens Pepsi 440ml",
    "productPriceOld": null,
    "productPrice": {
      "value": 1.29,
      "unit": "€/gab"
    },
    "productPricePerUnit": {
      "value": 2.93,
      "unit": "€/l"
    },
    "productPriceWithLoyaltyCard": null,
    "productPricePerUnitWithLoyaltyCard": null,
    "imageUrl": "https://rimibaltic-res.cloudinary.com/image/upload/d_ecommerce:backend-fallback.png/MAT_1374087_PCE_LV",
    "available": true,
    "discount": null
  },
  {
    "shop": "MAXIMA",
    "categories": [
      1,
      1001,
      1001001
    ],
    "productName": "Alus dz.ZELTA Cider bumbier.4,5%1L PET D",
    "productPriceOld": null,
    "productPrice": {
      "value": 2.93,
      "unit": "€"
    },
    "productPricePerUnit": {
      "value": 2.93,
      "unit": "€/l"
    },
    "productPriceWithLoyaltyCard": null,
    "productPricePerUnitWithLoyaltyCard": null,
    "imageUrl": "https://cdn.barbora.lv/products/f7e8e638-654a-44f9-bf94-218f8e374d02_s.png",
    "available": true,
    "discount": null
  },
  {
    "shop": "MAXIMA",
    "categories": [
      2,
      2001,
      2001004
    ],
    "productName": "Rudzu maize Melnā Latvijā cepts LM 280g",
    "productPriceOld": {
      "value": 1.09,
      "unit": "€"
    },
    "productPrice": {
      "value": 0.82,
      "unit": "€"
    },
    "productPricePerUnit": {
      "value": 2.93,
      "unit": "€/kg"
    },
    "productPriceWithLoyaltyCard": null,
    "productPricePerUnitWithLoyaltyCard": null,
    "imageUrl": "https://cdn.barbora.lv/products/dc508e9b-7c9e-4017-9081-a69af47cd1d9_s.png",
    "available": true,
    "discount": 25
  },
  {
    "shop": "MAXIMA",
    "categories": [
      1,
      1001,
      1001001
    ],
    "productName": "Alus FAXE 5% 0,5L skārd.D",
    "productPriceOld": null,
    "productPrice": {
      "value": 1.47,
      "unit": "€"
    },
    "productPricePerUnit": {
      "value": 2.94,
      "unit": "€/l"
    },
    "productPriceWithLoyaltyCard": null,
    "productPricePerUnitWithLoyaltyCard": null,
    "imageUrl": "https://cdn.barbora.lv/products/3c36a501-959e-499c-9bfe-53a9a1aec26e_s.png",
    "available": true,
    "discount": null
  },
  {
    "shop": "RIMI",
    "categories": [
      2,
      2001,
      2001005
    ],
    "productName": "Saldskābmaize Liepkalni lauku 370g",
    "productPriceOld": {
      "value": 1.29,
      "unit": "€"
    },
    "productPrice": {
      "value": 1.09,
      "unit": "€/gab"
    },
    "productPricePerUnit": {
      "value": 2.95,
      "unit": "€/kg"
    },
    "productPriceWithLoyaltyCard": null,
    "productPricePerUnitWithLoyaltyCard": null,
    "imageUrl": "https://rimibaltic-res.cloudinary.com/image/upload/d_ecommerce:backend-fallback.png/MAT_4006190_PCE_LV",
    "available": true,
    "discount": 16
  },
  {
    "shop": "CITRO",
    "categories": [
      2,
      2001,
      2001004
    ],
    "productName": "RUDZU MAIZE DRUVA SPĒKAVOTA PUSĪTE 390G FAZER",
    "productPriceOld": {
      "value": 1.29,
      "unit": "€"
    },
    "productPrice": {
      "value": 1.15,
      "unit": "€"
    },
    "productPricePerUnit": {
      "value": 2.95,
      "unit": "€/KG"
    },
    "productPriceWithLoyaltyCard": null,
    "productPricePerUnitWithLoyaltyCard": null,
    "imageUrl": "https://rezekne.citro.lv/wp-content/uploads/2020/05/4750212901089-300x300.jpg",
    "available": true,
    "discount": 11
  },
  {
    "shop": "MAXIMA",
    "categories": [
      1,
      1001,
      1001001
    ],
    "productName": "Alus MĪTAVA 5% 0,568L skārd.D",
    "productPriceOld": null,
    "productPrice": {
      "value": 1.68,
      "unit": "€"
    },
    "productPricePerUnit": {
      "value": 2.96,
      "unit": "€/l"
    },
    "productPriceWithLoyaltyCard": null,
    "productPricePerUnitWithLoyaltyCard": null,
    "imageUrl": "https://cdn.barbora.lv/products/e4971f15-4e39-4e76-bf34-4fa47a4ae378_s.png",
    "available": true,
    "discount": null
  },
  {
    "shop": "RIMI",
    "categories": [
      2,
      2001,
      2001002
    ],
    "productName": "Sezama baltmaize Latvijas Zeltene 400g",
    "productPriceOld": {
      "value": 1.49,
      "unit": "€"
    },
    "productPrice": {
      "value": 1.19,
      "unit": "€/gab"
    },
    "productPricePerUnit": {
      "value": 2.97,
      "unit": "€/kg"
    },
    "productPriceWithLoyaltyCard": null,
    "productPricePerUnitWithLoyaltyCard": null,
    "imageUrl": "https://rimibaltic-res.cloudinary.com/image/upload/d_ecommerce:backend-fallback.png/MAT_4001114_PCE_LV",
    "available": true,
    "discount": 20
  },
  {
    "shop": "RIMI",
    "categories": [
      2,
      2001,
      2001005
    ],
    "productName": "Saldskābmaize Dona Piknika sagriezta 400g",
    "productPriceOld": null,
    "productPrice": {
      "value": 1.19,
      "unit": "€/gab"
    },
    "productPricePerUnit": {
      "value": 2.97,
      "unit": "€/kg"
    },
    "productPriceWithLoyaltyCard": null,
    "productPricePerUnitWithLoyaltyCard": null,
    "imageUrl": "https://rimibaltic-res.cloudinary.com/image/upload/d_ecommerce:backend-fallback.png/MAT_284734_PCE_LV",
    "available": true,
    "discount": null
  },
  {
    "shop": "RIMI",
    "categories": [
      2,
      2001,
      2001004
    ],
    "productName": "Rudzu maize Dona Piknika sagriezta 400g",
    "productPriceOld": null,
    "productPrice": {
      "value": 1.19,
      "unit": "€/gab"
    },
    "productPricePerUnit": {
      "value": 2.97,
      "unit": "€/kg"
    },
    "productPriceWithLoyaltyCard": null,
    "productPricePerUnitWithLoyaltyCard": null,
    "imageUrl": "https://rimibaltic-res.cloudinary.com/image/upload/d_ecommerce:backend-fallback.png/MAT_284733_PCE_LV",
    "available": true,
    "discount": null
  },
  {
    "shop": "MAXIMA",
    "categories": [
      2,
      2001,
      2001008,
      2001001
    ],
    "productName": "Maize LATVIJAS GRAUDU pilngraudu 350g",
    "productPriceOld": {
      "value": 1.39,
      "unit": "€"
    },
    "productPrice": {
      "value": 1.04,
      "unit": "€"
    },
    "productPricePerUnit": {
      "value": 2.97,
      "unit": "€/kg"
    },
    "productPriceWithLoyaltyCard": null,
    "productPricePerUnitWithLoyaltyCard": null,
    "imageUrl": "https://cdn.barbora.lv/products/e50db90a-4773-493b-b5b2-8f2a9504fc21_s.png",
    "available": true,
    "discount": 25
  },
  {
    "shop": "RIMI",
    "categories": [
      2,
      2001,
      2001003
    ],
    "productName": "Tostermaize Latvijas Tost Maize klasiskā 500g",
    "productPriceOld": {
      "value": 1.99,
      "unit": "€"
    },
    "productPrice": {
      "value": 1.49,
      "unit": "€/gab"
    },
    "productPricePerUnit": {
      "value": 2.98,
      "unit": "€/kg"
    },
    "productPriceWithLoyaltyCard": null,
    "productPricePerUnitWithLoyaltyCard": null,
    "imageUrl": "https://rimibaltic-res.cloudinary.com/image/upload/d_ecommerce:backend-fallback.png/MAT_987359_PCE_LV",
    "available": true,
    "discount": 25
  },
  {
    "shop": "RIMI",
    "categories": [
      1,
      1002,
      10010027
    ],
    "productName": "Iesala dzēriens Veselība 0,5l",
    "productPriceOld": null,
    "productPrice": {
      "value": 1.49,
      "unit": "€/gab"
    },
    "productPricePerUnit": {
      "value": 2.98,
      "unit": "€/l"
    },
    "productPriceWithLoyaltyCard": null,
    "productPricePerUnitWithLoyaltyCard": null,
    "imageUrl": "https://rimibaltic-res.cloudinary.com/image/upload/d_ecommerce:backend-fallback.png/MAT_115397_PCE_LV",
    "available": true,
    "discount": null
  },
  {
    "shop": "RIMI",
    "categories": [
      1,
      1002,
      10010024
    ],
    "productName": "Dzer. ūdens Kubuš ar zemeņu garšu negāz. 0,5l",
    "productPriceOld": null,
    "productPrice": {
      "value": 1.49,
      "unit": "€/gab"
    },
    "productPricePerUnit": {
      "value": 2.98,
      "unit": "€/l"
    },
    "productPriceWithLoyaltyCard": null,
    "productPricePerUnitWithLoyaltyCard": null,
    "imageUrl": "https://rimibaltic-res.cloudinary.com/image/upload/d_ecommerce:backend-fallback.png/MAT_140150_PCE_LV",
    "available": true,
    "discount": null
  },
  {
    "shop": "RIMI",
    "categories": [
      1,
      1002,
      10010024
    ],
    "productName": "Dzer. ūdens Kubuš ar ābolu garšu negāz. 0,5l",
    "productPriceOld": null,
    "productPrice": {
      "value": 1.49,
      "unit": "€/gab"
    },
    "productPricePerUnit": {
      "value": 2.98,
      "unit": "€/l"
    },
    "productPriceWithLoyaltyCard": null,
    "productPricePerUnitWithLoyaltyCard": null,
    "imageUrl": "https://rimibaltic-res.cloudinary.com/image/upload/d_ecommerce:backend-fallback.png/MAT_140151_PCE_LV",
    "available": true,
    "discount": null
  },
  {
    "shop": "RIMI",
    "categories": [
      1,
      1003,
      1003001
    ],
    "productName": "Medalus Iļģuciema Ingvera bezalkohol. 0,5l",
    "productPriceOld": null,
    "productPrice": {
      "value": 1.49,
      "unit": "€/gab"
    },
    "productPricePerUnit": {
      "value": 2.98,
      "unit": "€/l"
    },
    "productPriceWithLoyaltyCard": null,
    "productPricePerUnitWithLoyaltyCard": null,
    "imageUrl": "https://rimibaltic-res.cloudinary.com/image/upload/d_ecommerce:backend-fallback.png/MAT_1374224_PCE_LV",
    "available": true,
    "discount": null
  },
  {
    "shop": "RIMI",
    "categories": [
      1,
      1002,
      10010021
    ],
    "productName": "Limonāde Dārza zemeņu 0,5l",
    "productPriceOld": null,
    "productPrice": {
      "value": 1.49,
      "unit": "€/gab"
    },
    "productPricePerUnit": {
      "value": 2.98,
      "unit": "€/l"
    },
    "productPriceWithLoyaltyCard": null,
    "productPricePerUnitWithLoyaltyCard": null,
    "imageUrl": "https://rimibaltic-res.cloudinary.com/image/upload/d_ecommerce:backend-fallback.png/MAT_1371334_PCE_LV",
    "available": true,
    "discount": null
  },
  {
    "shop": "RIMI",
    "categories": [
      1,
      1002,
      10010021
    ],
    "productName": "Limonāde Dārza rožu 0,5l",
    "productPriceOld": null,
    "productPrice": {
      "value": 1.49,
      "unit": "€/gab"
    },
    "productPricePerUnit": {
      "value": 2.98,
      "unit": "€/l"
    },
    "productPriceWithLoyaltyCard": null,
    "productPricePerUnitWithLoyaltyCard": null,
    "imageUrl": "https://rimibaltic-res.cloudinary.com/image/upload/d_ecommerce:backend-fallback.png/MAT_1367377_PCE_LV",
    "available": true,
    "discount": null
  },
  {
    "shop": "RIMI",
    "categories": [
      1,
      1003,
      1003001
    ],
    "productName": "Alus dz.Zelta Radler greipfr. bezalk. 0% 0,5l",
    "productPriceOld": null,
    "productPrice": {
      "value": 1.49,
      "unit": "€/gab"
    },
    "productPricePerUnit": {
      "value": 2.98,
      "unit": "€/l"
    },
    "productPriceWithLoyaltyCard": null,
    "productPricePerUnitWithLoyaltyCard": null,
    "imageUrl": "https://rimibaltic-res.cloudinary.com/image/upload/d_ecommerce:backend-fallback.png/MAT_1374472_PCE_LV",
    "available": true,
    "discount": null
  },
  {
    "shop": "RIMI",
    "categories": [
      1,
      1002,
      10010024
    ],
    "productName": "Minerālūdens Nabeghlavi gāzēts 0,5l",
    "productPriceOld": null,
    "productPrice": {
      "value": 1.49,
      "unit": "€/gab"
    },
    "productPricePerUnit": {
      "value": 2.98,
      "unit": "€/l"
    },
    "productPriceWithLoyaltyCard": null,
    "productPricePerUnitWithLoyaltyCard": null,
    "imageUrl": "https://rimibaltic-res.cloudinary.com/image/upload/d_ecommerce:backend-fallback.png/MAT_1374681_PCE_LV",
    "available": true,
    "discount": null
  },
  {
    "shop": "RIMI",
    "categories": [
      1,
      1002,
      10010024
    ],
    "productName": "Ūdens Kubuš ar aveņu garšu negāzēts 0,5l",
    "productPriceOld": null,
    "productPrice": {
      "value": 1.49,
      "unit": "€/gab"
    },
    "productPricePerUnit": {
      "value": 2.98,
      "unit": "€/l"
    },
    "productPriceWithLoyaltyCard": null,
    "productPricePerUnitWithLoyaltyCard": null,
    "imageUrl": "https://rimibaltic-res.cloudinary.com/image/upload/d_ecommerce:backend-fallback.png/MAT_1359651_PCE_LV",
    "available": true,
    "discount": null
  },
  {
    "shop": "RIMI",
    "categories": [
      1,
      1003,
      1003001
    ],
    "productName": "Alus Piebalgas bezalkoholisks 0,5l",
    "productPriceOld": null,
    "productPrice": {
      "value": 1.49,
      "unit": "€/gab"
    },
    "productPricePerUnit": {
      "value": 2.98,
      "unit": "€/l"
    },
    "productPriceWithLoyaltyCard": null,
    "productPricePerUnitWithLoyaltyCard": null,
    "imageUrl": "https://rimibaltic-res.cloudinary.com/image/upload/d_ecommerce:backend-fallback.png/MAT_1371452_PCE_LV",
    "available": true,
    "discount": null
  },
  {
    "shop": "RIMI",
    "categories": [
      1,
      1001,
      1001001
    ],
    "productName": "Alus Tērvetes oriģinālais 5,4% 0,5l",
    "productPriceOld": null,
    "productPrice": {
      "value": 1.89,
      "unit": "€/gab"
    },
    "productPricePerUnit": {
      "value": 3.78,
      "unit": "€/l"
    },
    "productPriceWithLoyaltyCard": {
      "value": 1.49,
      "unit": "€"
    },
    "productPricePerUnitWithLoyaltyCard": {
      "value": 2.98,
      "unit": "€/l"
    },
    "imageUrl": "https://rimibaltic-res.cloudinary.com/image/upload/d_ecommerce:backend-fallback.png/MAT_461950_PCE_LV",
    "available": true,
    "discount": 21
  },
  {
    "shop": "RIMI",
    "categories": [
      1,
      1001,
      1001001
    ],
    "productName": "Alus Kronenbourg 1664 Blanc 5% 0,5l",
    "productPriceOld": null,
    "productPrice": {
      "value": 1.49,
      "unit": "€/gab"
    },
    "productPricePerUnit": {
      "value": 2.98,
      "unit": "€/l"
    },
    "productPriceWithLoyaltyCard": null,
    "productPricePerUnitWithLoyaltyCard": null,
    "imageUrl": "https://rimibaltic-res.cloudinary.com/image/upload/d_ecommerce:backend-fallback.png/MAT_1359509_PCE_LV",
    "available": true,
    "discount": null
  },
  {
    "shop": "RIMI",
    "categories": [
      1,
      1001,
      1001002
    ],
    "productName": "Sidrs bumbieru Somersby 4,5% 0,5l",
    "productPriceOld": null,
    "productPrice": {
      "value": 2.35,
      "unit": "€/gab"
    },
    "productPricePerUnit": {
      "value": 4.7,
      "unit": "€/l"
    },
    "productPriceWithLoyaltyCard": {
      "value": 1.49,
      "unit": "€"
    },
    "productPricePerUnitWithLoyaltyCard": {
      "value": 2.98,
      "unit": "€/l"
    },
    "imageUrl": "https://rimibaltic-res.cloudinary.com/image/upload/d_ecommerce:backend-fallback.png/MAT_1359567_PCE_LV",
    "available": true,
    "discount": 37
  },
  {
    "shop": "RIMI",
    "categories": [
      1,
      1001,
      1001002
    ],
    "productName": "Sidrs Somersby ābolu 4,5% 0,5l",
    "productPriceOld": null,
    "productPrice": {
      "value": 2.35,
      "unit": "€/gab"
    },
    "productPricePerUnit": {
      "value": 4.7,
      "unit": "€/l"
    },
    "productPriceWithLoyaltyCard": {
      "value": 1.49,
      "unit": "€"
    },
    "productPricePerUnitWithLoyaltyCard": {
      "value": 2.98,
      "unit": "€/l"
    },
    "imageUrl": "https://rimibaltic-res.cloudinary.com/image/upload/d_ecommerce:backend-fallback.png/MAT_1359225_PCE_LV",
    "available": true,
    "discount": 37
  },
  {
    "shop": "RIMI",
    "categories": [
      1,
      1001,
      1001002
    ],
    "productName": "Sidrs Somersby arbūzu 4,5% 0,5l",
    "productPriceOld": null,
    "productPrice": {
      "value": 2.35,
      "unit": "€/gab"
    },
    "productPricePerUnit": {
      "value": 4.7,
      "unit": "€/l"
    },
    "productPriceWithLoyaltyCard": {
      "value": 1.49,
      "unit": "€"
    },
    "productPricePerUnitWithLoyaltyCard": {
      "value": 2.98,
      "unit": "€/l"
    },
    "imageUrl": "https://rimibaltic-res.cloudinary.com/image/upload/d_ecommerce:backend-fallback.png/MAT_1366986_PCE_LV",
    "available": true,
    "discount": 37
  },
  {
    "shop": "RIMI",
    "categories": [
      1,
      1001,
      1001001
    ],
    "productName": "Alus Piebalgas jubilejas gaišais 5,2% 0,5l",
    "productPriceOld": null,
    "productPrice": {
      "value": 1.79,
      "unit": "€/gab"
    },
    "productPricePerUnit": {
      "value": 3.58,
      "unit": "€/l"
    },
    "productPriceWithLoyaltyCard": {
      "value": 1.49,
      "unit": "€"
    },
    "productPricePerUnitWithLoyaltyCard": {
      "value": 2.98,
      "unit": "€/l"
    },
    "imageUrl": "https://rimibaltic-res.cloudinary.com/image/upload/d_ecommerce:backend-fallback.png/MAT_469217_PCE_LV",
    "available": true,
    "discount": 17
  },
  {
    "shop": "RIMI",
    "categories": [
      1,
      1001,
      1001001
    ],
    "productName": "Alus Piebalgas jubilejas gaišais 5,2% 0,5l",
    "productPriceOld": null,
    "productPrice": {
      "value": 1.79,
      "unit": "€/gab"
    },
    "productPricePerUnit": {
      "value": 3.58,
      "unit": "€/l"
    },
    "productPriceWithLoyaltyCard": {
      "value": 1.49,
      "unit": "€"
    },
    "productPricePerUnitWithLoyaltyCard": {
      "value": 2.98,
      "unit": "€/l"
    },
    "imageUrl": "https://rimibaltic-res.cloudinary.com/image/upload/d_ecommerce:backend-fallback.png/MAT_469217_PCE_LV",
    "available": true,
    "discount": 17
  },
  {
    "shop": "RIMI",
    "categories": [
      1,
      1001,
      1001001
    ],
    "productName": "Alus Faxe Premium 5% 0,5l",
    "productPriceOld": null,
    "productPrice": {
      "value": 1.49,
      "unit": "€/gab"
    },
    "productPricePerUnit": {
      "value": 2.98,
      "unit": "€/l"
    },
    "productPriceWithLoyaltyCard": null,
    "productPricePerUnitWithLoyaltyCard": null,
    "imageUrl": "https://rimibaltic-res.cloudinary.com/image/upload/d_ecommerce:backend-fallback.png/MAT_1351065_PCE_LV",
    "available": true,
    "discount": null
  },
  {
    "shop": "RIMI",
    "categories": [
      1,
      1001,
      1001001
    ],
    "productName": "Alus Mītava pinte 5% 0,568l",
    "productPriceOld": null,
    "productPrice": {
      "value": 1.69,
      "unit": "€/gab"
    },
    "productPricePerUnit": {
      "value": 2.98,
      "unit": "€/l"
    },
    "productPriceWithLoyaltyCard": null,
    "productPricePerUnitWithLoyaltyCard": null,
    "imageUrl": "https://rimibaltic-res.cloudinary.com/image/upload/d_ecommerce:backend-fallback.png/MAT_1357248_PCE_LV",
    "available": true,
    "discount": null
  },
  {
    "shop": "RIMI",
    "categories": [
      1,
      1001,
      1001001
    ],
    "productName": "Alus Beerville gaišais 5,1% 0,5l",
    "productPriceOld": null,
    "productPrice": {
      "value": 1.79,
      "unit": "€/gab"
    },
    "productPricePerUnit": {
      "value": 3.58,
      "unit": "€/l"
    },
    "productPriceWithLoyaltyCard": {
      "value": 1.49,
      "unit": "€"
    },
    "productPricePerUnitWithLoyaltyCard": {
      "value": 2.98,
      "unit": "€/l"
    },
    "imageUrl": "https://rimibaltic-res.cloudinary.com/image/upload/d_ecommerce:backend-fallback.png/MAT_1361640_PCE_LV",
    "available": true,
    "discount": 17
  },
  {
    "shop": "RIMI",
    "categories": [
      1,
      1001,
      1001001
    ],
    "productName": "Alus Mežpils Senču 4,5% 0,5l",
    "productPriceOld": {
      "value": 1.95,
      "unit": "€"
    },
    "productPrice": {
      "value": 1.49,
      "unit": "€/gab"
    },
    "productPricePerUnit": {
      "value": 2.98,
      "unit": "€/l"
    },
    "productPriceWithLoyaltyCard": null,
    "productPricePerUnitWithLoyaltyCard": null,
    "imageUrl": "https://rimibaltic-res.cloudinary.com/image/upload/d_ecommerce:backend-fallback.png/MAT_1359801_PCE_LV",
    "available": true,
    "discount": 24
  },
  {
    "shop": "RIMI",
    "categories": [
      1,
      1001,
      1001001
    ],
    "productName": "Alus Pilsner Urquell 4,4% 0,5l",
    "productPriceOld": null,
    "productPrice": {
      "value": 1.49,
      "unit": "€/gab"
    },
    "productPricePerUnit": {
      "value": 2.98,
      "unit": "€/l"
    },
    "productPriceWithLoyaltyCard": null,
    "productPricePerUnitWithLoyaltyCard": null,
    "imageUrl": "https://rimibaltic-res.cloudinary.com/image/upload/d_ecommerce:backend-fallback.png/MAT_116389_PCE_LV",
    "available": true,
    "discount": null
  },
  {
    "shop": "RIMI",
    "categories": [
      1,
      1001,
      1001001
    ],
    "productName": "Alus Aldaris Ķirsis 4,5% 0,568l",
    "productPriceOld": null,
    "productPrice": {
      "value": 2.05,
      "unit": "€/gab"
    },
    "productPricePerUnit": {
      "value": 3.61,
      "unit": "€/l"
    },
    "productPriceWithLoyaltyCard": {
      "value": 1.69,
      "unit": "€"
    },
    "productPricePerUnitWithLoyaltyCard": {
      "value": 2.98,
      "unit": "€/l"
    },
    "imageUrl": "https://rimibaltic-res.cloudinary.com/image/upload/d_ecommerce:backend-fallback.png/MAT_1371268_PCE_LV",
    "available": true,
    "discount": 18
  },
  {
    "shop": "RIMI",
    "categories": [
      1,
      1001,
      1001001
    ],
    "productName": "Alus Aldaris Ķirsis 4,5% 0,568l",
    "productPriceOld": null,
    "productPrice": {
      "value": 2.05,
      "unit": "€/gab"
    },
    "productPricePerUnit": {
      "value": 3.61,
      "unit": "€/l"
    },
    "productPriceWithLoyaltyCard": {
      "value": 1.69,
      "unit": "€"
    },
    "productPricePerUnitWithLoyaltyCard": {
      "value": 2.98,
      "unit": "€/l"
    },
    "imageUrl": "https://rimibaltic-res.cloudinary.com/image/upload/d_ecommerce:backend-fallback.png/MAT_1371268_PCE_LV",
    "available": true,
    "discount": 18
  },
  {
    "shop": "MAXIMA",
    "categories": [
      1,
      1002,
      10010024
    ],
    "productName": "Dzer.ūdens KUBUŠ ābolu g.negāz. 500ml D",
    "productPriceOld": null,
    "productPrice": {
      "value": 1.49,
      "unit": "€"
    },
    "productPricePerUnit": {
      "value": 2.98,
      "unit": "€/l"
    },
    "productPriceWithLoyaltyCard": null,
    "productPricePerUnitWithLoyaltyCard": null,
    "imageUrl": "https://cdn.barbora.lv/products/0d3d200f-2ff1-467d-a00f-4f5672bef478_s.png",
    "available": true,
    "discount": null
  },
  {
    "shop": "MAXIMA",
    "categories": [
      1,
      1002,
      10010027
    ],
    "productName": "Iesala dz.VESELĪBA gāzēts 0,5L stikls D",
    "productPriceOld": null,
    "productPrice": {
      "value": 1.49,
      "unit": "€"
    },
    "productPricePerUnit": {
      "value": 2.98,
      "unit": "€/l"
    },
    "productPriceWithLoyaltyCard": null,
    "productPricePerUnitWithLoyaltyCard": null,
    "imageUrl": "https://cdn.barbora.lv/products/246aac28-094c-4b45-80eb-e7fb06841ff5_s.png",
    "available": true,
    "discount": null
  },
  {
    "shop": "MAXIMA",
    "categories": [
      1,
      1002,
      10010021
    ],
    "productName": "Gāzēts dzēriens DĀRZA LIMONĀDE Zemeņu 0,5LD",
    "productPriceOld": null,
    "productPrice": {
      "value": 1.49,
      "unit": "€"
    },
    "productPricePerUnit": {
      "value": 2.98,
      "unit": "€/l"
    },
    "productPriceWithLoyaltyCard": null,
    "productPricePerUnitWithLoyaltyCard": null,
    "imageUrl": "https://cdn.barbora.lv/products/d1a8d12c-1a05-4146-9d8b-3920cd6e3955_s.png",
    "available": true,
    "discount": null
  },
  {
    "shop": "MAXIMA",
    "categories": [
      1,
      1002,
      10010021
    ],
    "productName": "Gāzēts dzēriens DĀRZA LIMONĀDE rožu 500ml D",
    "productPriceOld": null,
    "productPrice": {
      "value": 1.49,
      "unit": "€"
    },
    "productPricePerUnit": {
      "value": 2.98,
      "unit": "€/l"
    },
    "productPriceWithLoyaltyCard": null,
    "productPricePerUnitWithLoyaltyCard": null,
    "imageUrl": "https://cdn.barbora.lv/products/b8e34441-0e04-415a-86f6-20ae9e8e0684_s.png",
    "available": true,
    "discount": null
  },
  {
    "shop": "MAXIMA",
    "categories": [
      1,
      1002,
      10010022
    ],
    "productName": "Enerģijas dzēriens DYNAMI:T Star 0,5LD",
    "productPriceOld": null,
    "productPrice": {
      "value": 1.49,
      "unit": "€"
    },
    "productPricePerUnit": {
      "value": 2.98,
      "unit": "€/l"
    },
    "productPriceWithLoyaltyCard": null,
    "productPricePerUnitWithLoyaltyCard": null,
    "imageUrl": "https://cdn.barbora.lv/products/4ce57e53-bc76-4ecc-baa8-598044185570_s.png",
    "available": true,
    "discount": null
  },
  {
    "shop": "MAXIMA",
    "categories": [
      1,
      1002,
      10010022
    ],
    "productName": "Enerģijas dzēr.DYNAMI:T Tattoo 500ml D",
    "productPriceOld": null,
    "productPrice": {
      "value": 1.49,
      "unit": "€"
    },
    "productPricePerUnit": {
      "value": 2.98,
      "unit": "€/l"
    },
    "productPriceWithLoyaltyCard": null,
    "productPricePerUnitWithLoyaltyCard": null,
    "imageUrl": "https://cdn.barbora.lv/products/85299a10-d821-451e-ba90-223850a64d42_s.png",
    "available": true,
    "discount": null
  },
  {
    "shop": "MAXIMA",
    "categories": [
      1,
      1002,
      10010022
    ],
    "productName": "Enerģijas dzēr.DYNAMI:T Guanabana 0,5L D",
    "productPriceOld": null,
    "productPrice": {
      "value": 1.49,
      "unit": "€"
    },
    "productPricePerUnit": {
      "value": 2.98,
      "unit": "€/l"
    },
    "productPriceWithLoyaltyCard": null,
    "productPricePerUnitWithLoyaltyCard": null,
    "imageUrl": "https://cdn.barbora.lv/products/6d7cff6b-df06-4c74-8f7a-5b02346dcf75_s.png",
    "available": true,
    "discount": null
  },
  {
    "shop": "MAXIMA",
    "categories": [
      1,
      1001,
      1001002
    ],
    "productName": "Sidrs LIELVĀRDES CRAFT CAN 5,6% 0,5L D",
    "productPriceOld": {
      "value": 2.05,
      "unit": "€"
    },
    "productPrice": {
      "value": 2.05,
      "unit": "€"
    },
    "productPricePerUnit": {
      "value": 4.1,
      "unit": "€/l"
    },
    "productPriceWithLoyaltyCard": {
      "value": 1.49,
      "unit": "€"
    },
    "productPricePerUnitWithLoyaltyCard": {
      "value": 2.98,
      "unit": "€/l"
    },
    "imageUrl": "https://cdn.barbora.lv/products/381305cd-dccf-45e4-bb74-951abd6b31fe_s.png",
    "available": true,
    "discount": 27
  },
  {
    "shop": "MAXIMA",
    "categories": [
      2,
      2001,
      2001004
    ],
    "productName": "Iesala rudzu maize FAZER 500g",
    "productPriceOld": {
      "value": 2.19,
      "unit": "€"
    },
    "productPrice": {
      "value": 2.19,
      "unit": "€"
    },
    "productPricePerUnit": {
      "value": 4.38,
      "unit": "€/kg"
    },
    "productPriceWithLoyaltyCard": {
      "value": 1.49,
      "unit": "€"
    },
    "productPricePerUnitWithLoyaltyCard": {
      "value": 2.98,
      "unit": "€/kg"
    },
    "imageUrl": "https://cdn.barbora.lv/products/742bbdaf-f77f-47cb-93a8-ef6f91b67e98_s.png",
    "available": true,
    "discount": 32
  },
  {
    "shop": "MAXIMA",
    "categories": [
      2,
      2001,
      2001003
    ],
    "productName": "Tostermaize Latv.Tost Maize kraukšķ.500g",
    "productPriceOld": {
      "value": 1.99,
      "unit": "€"
    },
    "productPrice": {
      "value": 1.49,
      "unit": "€"
    },
    "productPricePerUnit": {
      "value": 2.98,
      "unit": "€/kg"
    },
    "productPriceWithLoyaltyCard": null,
    "productPricePerUnitWithLoyaltyCard": null,
    "imageUrl": "https://cdn.barbora.lv/products/73c7ecb8-6e06-40c2-81d3-cdc0980b5e00_s.png",
    "available": true,
    "discount": 25
  },
  {
    "shop": "MAXIMA",
    "categories": [
      2,
      2001,
      2001005
    ],
    "productName": "Saldskābmaize Piknika DONA 400g",
    "productPriceOld": null,
    "productPrice": {
      "value": 1.19,
      "unit": "€"
    },
    "productPricePerUnit": {
      "value": 2.98,
      "unit": "€/kg"
    },
    "productPriceWithLoyaltyCard": null,
    "productPricePerUnitWithLoyaltyCard": null,
    "imageUrl": "https://cdn.barbora.lv/products/263e91b1-901c-489b-a178-ec9c5c8c296b_s.png",
    "available": true,
    "discount": null
  },
  {
    "shop": "MAXIMA",
    "categories": [
      2,
      2001,
      2001004
    ],
    "productName": "Rudzu maize Piknika DONA 400g",
    "productPriceOld": null,
    "productPrice": {
      "value": 1.19,
      "unit": "€"
    },
    "productPricePerUnit": {
      "value": 2.98,
      "unit": "€/kg"
    },
    "productPriceWithLoyaltyCard": null,
    "productPricePerUnitWithLoyaltyCard": null,
    "imageUrl": "https://cdn.barbora.lv/products/d87a4584-c55c-407f-870e-b6f26d8300a7_s.png",
    "available": true,
    "discount": null
  },
  {
    "shop": "MAXIMA",
    "categories": [
      2,
      2001,
      20010011
    ],
    "productName": "Sēklu maize KURŠU 390g",
    "productPriceOld": {
      "value": 1.45,
      "unit": "€"
    },
    "productPrice": {
      "value": 1.16,
      "unit": "€"
    },
    "productPricePerUnit": {
      "value": 2.98,
      "unit": "€/kg"
    },
    "productPriceWithLoyaltyCard": null,
    "productPricePerUnitWithLoyaltyCard": null,
    "imageUrl": "https://cdn.barbora.lv/products/139f57c3-c717-48f7-8cbe-df67df03c2c6_s.png",
    "available": true,
    "discount": 20
  },
  {
    "shop": "MAXIMA",
    "categories": [
      2,
      2001,
      2001004
    ],
    "productName": "Rudzu saldskābmaize DONA 400g",
    "productPriceOld": null,
    "productPrice": {
      "value": 1.19,
      "unit": "€"
    },
    "productPricePerUnit": {
      "value": 2.98,
      "unit": "€/kg"
    },
    "productPriceWithLoyaltyCard": null,
    "productPricePerUnitWithLoyaltyCard": null,
    "imageUrl": "https://cdn.barbora.lv/products/7a2e9ab4-137b-4c98-b31d-58c623fc3237_s.png",
    "available": true,
    "discount": null
  },
  {
    "shop": "CITRO",
    "categories": [
      1,
      1001,
      1001001
    ],
    "productName": "ALUS MEŽPILS SENČU 4.5% 0.568L CAN",
    "productPriceOld": null,
    "productPrice": null,
    "productPricePerUnit": {
      "value": 2.98,
      "unit": "€/L"
    },
    "productPriceWithLoyaltyCard": null,
    "productPricePerUnitWithLoyaltyCard": null,
    "imageUrl": "https://rezekne.citro.lv/wp-content/uploads/2024/06/4750049004083-300x300.jpg",
    "available": true,
    "discount": null
  },
  {
    "shop": "CITRO",
    "categories": [
      1,
      1001,
      1001001
    ],
    "productName": "ALUS BAUSKAS SPECIĀLAIS GAIŠAIS 4.8% 0.5L STIKLS",
    "productPriceOld": {
      "value": 1.69,
      "unit": "€"
    },
    "productPrice": {
      "value": 1.49,
      "unit": "€"
    },
    "productPricePerUnit": {
      "value": 2.98,
      "unit": "€/L"
    },
    "productPriceWithLoyaltyCard": null,
    "productPricePerUnitWithLoyaltyCard": null,
    "imageUrl": "https://rezekne.citro.lv/wp-content/uploads/2022/04/4751000791875-300x300.jpg",
    "available": true,
    "discount": 12
  },
  {
    "shop": "CITRO",
    "categories": [
      1,
      1001,
      1001002
    ],
    "productName": "SIDRS UPEŅU LIELVĀRDES 4.8% 0.5L STIKLS",
    "productPriceOld": {
      "value": 1.79,
      "unit": "€"
    },
    "productPrice": {
      "value": 1.49,
      "unit": "€"
    },
    "productPricePerUnit": {
      "value": 2.98,
      "unit": "€/L"
    },
    "productPriceWithLoyaltyCard": null,
    "productPricePerUnitWithLoyaltyCard": null,
    "imageUrl": "https://rezekne.citro.lv/wp-content/uploads/2024/07/4750132008349-300x300.jpg",
    "available": true,
    "discount": 17
  },
  {
    "shop": "CITRO",
    "categories": [
      1,
      1001,
      1001002
    ],
    "productName": "SIDRS BUMBIERU LIELVĀRDES 4.8% 0.5L STIKLS",
    "productPriceOld": {
      "value": 1.79,
      "unit": "€"
    },
    "productPrice": {
      "value": 1.49,
      "unit": "€"
    },
    "productPricePerUnit": {
      "value": 2.98,
      "unit": "€/L"
    },
    "productPriceWithLoyaltyCard": null,
    "productPricePerUnitWithLoyaltyCard": null,
    "imageUrl": "https://rezekne.citro.lv/wp-content/uploads/2024/07/4750132008332-300x300.jpg",
    "available": true,
    "discount": 17
  },
  {
    "shop": "CITRO",
    "categories": [
      1,
      1001,
      1001002
    ],
    "productName": "SIDRS DĀRZA BĀRBELES 5,5% 0.5L SKĀRD.",
    "productPriceOld": null,
    "productPrice": null,
    "productPricePerUnit": {
      "value": 2.98,
      "unit": "€/L"
    },
    "productPriceWithLoyaltyCard": null,
    "productPricePerUnitWithLoyaltyCard": null,
    "imageUrl": "https://rezekne.citro.lv/wp-content/uploads/2024/07/4750142007080-300x300.jpg",
    "available": true,
    "discount": null
  },
  {
    "shop": "CITRO",
    "categories": [
      1,
      1001,
      1001001
    ],
    "productName": "ALUS LIDO DZIRNAVU 5% 0.5L",
    "productPriceOld": null,
    "productPrice": null,
    "productPricePerUnit": {
      "value": 2.98,
      "unit": "€/L"
    },
    "productPriceWithLoyaltyCard": null,
    "productPricePerUnitWithLoyaltyCard": null,
    "imageUrl": "https://rezekne.citro.lv/wp-content/uploads/2022/04/4750142005826-300x300.jpg",
    "available": true,
    "discount": null
  },
  {
    "shop": "CITRO",
    "categories": [
      1,
      1001,
      1001001
    ],
    "productName": "ALUS LIDO SPECIĀLAIS 4.8% 0.5L STIKLS",
    "productPriceOld": null,
    "productPrice": null,
    "productPricePerUnit": {
      "value": 2.98,
      "unit": "€/L"
    },
    "productPriceWithLoyaltyCard": null,
    "productPricePerUnitWithLoyaltyCard": null,
    "imageUrl": "https://rezekne.citro.lv/wp-content/uploads/2022/03/4750142005819-300x300.jpg",
    "available": true,
    "discount": null
  },
  {
    "shop": "CITRO",
    "categories": [
      1,
      1001,
      1001001
    ],
    "productName": "ALUS SENČU 4.2% 0.5L STIKLS",
    "productPriceOld": null,
    "productPrice": null,
    "productPricePerUnit": {
      "value": 2.98,
      "unit": "€/L"
    },
    "productPriceWithLoyaltyCard": null,
    "productPricePerUnitWithLoyaltyCard": null,
    "imageUrl": "https://rezekne.citro.lv/wp-content/uploads/2024/08/4750239005128-300x300.jpg",
    "available": true,
    "discount": null
  },
  {
    "shop": "CITRO",
    "categories": [
      1,
      1002,
      10010020
    ],
    "productName": "KUBUŠ SULAS DZĒR. PLAY/BURK./AVEŅU/LAIMA 400ML",
    "productPriceOld": null,
    "productPrice": null,
    "productPricePerUnit": {
      "value": 2.98,
      "unit": "€/L"
    },
    "productPriceWithLoyaltyCard": null,
    "productPricePerUnitWithLoyaltyCard": null,
    "imageUrl": "https://rezekne.citro.lv/wp-content/uploads/2023/03/5901067470018-300x300.jpg",
    "available": true,
    "discount": null
  },
  {
    "shop": "CITRO",
    "categories": [
      1,
      1002,
      10010027
    ],
    "productName": "DZĒRIENS KUBUS PLAY ARBŪZU 0.4L",
    "productPriceOld": null,
    "productPrice": null,
    "productPricePerUnit": {
      "value": 2.98,
      "unit": "€/L"
    },
    "productPriceWithLoyaltyCard": null,
    "productPricePerUnitWithLoyaltyCard": null,
    "imageUrl": "https://rezekne.citro.lv/wp-content/uploads/2023/04/5901067402996-300x300.jpg",
    "available": true,
    "discount": null
  },
  {
    "shop": "CITRO",
    "categories": [
      1,
      1002,
      10010024
    ],
    "productName": "MINERĀLŪDENS NATURAL MINERAL WATER BORJOMI 0.5L GLASS",
    "productPriceOld": null,
    "productPrice": null,
    "productPricePerUnit": {
      "value": 2.98,
      "unit": "€/L"
    },
    "productPriceWithLoyaltyCard": null,
    "productPricePerUnitWithLoyaltyCard": null,
    "imageUrl": "https://rezekne.citro.lv/wp-content/uploads/2024/09/4860019002817-300x300.jpg",
    "available": true,
    "discount": null
  },
  {
    "shop": "CITRO",
    "categories": [
      2,
      2001,
      2001002
    ],
    "productName": "BALTMAIZE KUNGU 400G HANZASM",
    "productPriceOld": {
      "value": 1.65,
      "unit": "€"
    },
    "productPrice": {
      "value": 1.19,
      "unit": "€"
    },
    "productPricePerUnit": {
      "value": 2.98,
      "unit": "€/KG"
    },
    "productPriceWithLoyaltyCard": null,
    "productPricePerUnitWithLoyaltyCard": null,
    "imageUrl": "https://rezekne.citro.lv/wp-content/uploads/2020/12/4750038140211-1-300x300.jpg",
    "available": true,
    "discount": 28
  },
  {
    "shop": "RIMI",
    "categories": [
      2,
      2001,
      2001004
    ],
    "productName": "Rudzu maize Ķelmēni sagriezta 1kg",
    "productPriceOld": null,
    "productPrice": {
      "value": 2.99,
      "unit": "€/gab"
    },
    "productPricePerUnit": {
      "value": 2.99,
      "unit": "€/kg"
    },
    "productPriceWithLoyaltyCard": null,
    "productPricePerUnitWithLoyaltyCard": null,
    "imageUrl": "https://rimibaltic-res.cloudinary.com/image/upload/d_ecommerce:backend-fallback.png/MAT_258801_PCE_LV",
    "available": true,
    "discount": null
  },
  {
    "shop": "RIMI",
    "categories": [
      1,
      1002,
      10010020
    ],
    "productName": "Sula Cido apelsīnu 1l",
    "productPriceOld": null,
    "productPrice": {
      "value": 2.99,
      "unit": "€/gab"
    },
    "productPricePerUnit": {
      "value": 2.99,
      "unit": "€/l"
    },
    "productPriceWithLoyaltyCard": null,
    "productPricePerUnitWithLoyaltyCard": null,
    "imageUrl": "https://rimibaltic-res.cloudinary.com/image/upload/d_ecommerce:backend-fallback.png/MAT_100652_PCE_LV",
    "available": true,
    "discount": null
  },
  {
    "shop": "RIMI",
    "categories": [
      1,
      1002,
      10010020
    ],
    "productName": "Sula ābolu ganatāb. aveņu 1l",
    "productPriceOld": null,
    "productPrice": {
      "value": 2.99,
      "unit": "€/gab"
    },
    "productPricePerUnit": {
      "value": 2.99,
      "unit": "€/l"
    },
    "productPriceWithLoyaltyCard": null,
    "productPricePerUnitWithLoyaltyCard": null,
    "imageUrl": "https://rimibaltic-res.cloudinary.com/image/upload/d_ecommerce:backend-fallback.png/MAT_1364685_PCE_LV",
    "available": true,
    "discount": null
  },
  {
    "shop": "RIMI",
    "categories": [
      1,
      1001,
      1001003
    ],
    "productName": "Sula Hohes C ar antioksid. vīn.aron. mell. 1l",
    "productPriceOld": null,
    "productPrice": {
      "value": 2.99,
      "unit": "€/gab"
    },
    "productPricePerUnit": {
      "value": 2.99,
      "unit": "€/l"
    },
    "productPriceWithLoyaltyCard": null,
    "productPricePerUnitWithLoyaltyCard": null,
    "imageUrl": "https://rimibaltic-res.cloudinary.com/image/upload/d_ecommerce:backend-fallback.png/MAT_1367189_PCE_LV",
    "available": true,
    "discount": null
  },
  {
    "shop": "RIMI",
    "categories": [
      1,
      1002,
      10010020
    ],
    "productName": "Sula apels. pasifl. augļu 1l",
    "productPriceOld": null,
    "productPrice": {
      "value": 2.99,
      "unit": "€/gab"
    },
    "productPricePerUnit": {
      "value": 2.99,
      "unit": "€/l"
    },
    "productPriceWithLoyaltyCard": null,
    "productPricePerUnitWithLoyaltyCard": null,
    "imageUrl": "https://rimibaltic-res.cloudinary.com/image/upload/d_ecommerce:backend-fallback.png/MAT_1364695_PCE_LV",
    "available": true,
    "discount": null
  },
  {
    "shop": "RIMI",
    "categories": [
      1,
      1002,
      10010020
    ],
    "productName": "Raudzēta bērzu sula Birzī 1l",
    "productPriceOld": null,
    "productPrice": {
      "value": 2.99,
      "unit": "€/gab"
    },
    "productPricePerUnit": {
      "value": 2.99,
      "unit": "€/l"
    },
    "productPriceWithLoyaltyCard": null,
    "productPricePerUnitWithLoyaltyCard": null,
    "imageUrl": "https://rimibaltic-res.cloudinary.com/image/upload/d_ecommerce:backend-fallback.png/MAT_1373452_PCE_LV",
    "available": true,
    "discount": null
  },
  {
    "shop": "RIMI",
    "categories": [
      1,
      1002,
      10010020
    ],
    "productName": "Sula Hohes vīnogu greipfr. dzērv. ar cinku 1l",
    "productPriceOld": null,
    "productPrice": {
      "value": 2.99,
      "unit": "€/gab"
    },
    "productPricePerUnit": {
      "value": 2.99,
      "unit": "€/l"
    },
    "productPriceWithLoyaltyCard": null,
    "productPricePerUnitWithLoyaltyCard": null,
    "imageUrl": "https://rimibaltic-res.cloudinary.com/image/upload/d_ecommerce:backend-fallback.png/MAT_1368188_PCE_LV",
    "available": true,
    "discount": null
  },
  {
    "shop": "RIMI",
    "categories": [
      1,
      1001,
      1001001
    ],
    "productName": "Alus dzēr. Zelta C!der Strawb.-Blueb. 4,5% 1l",
    "productPriceOld": null,
    "productPrice": {
      "value": 2.99,
      "unit": "€/gab"
    },
    "productPricePerUnit": {
      "value": 2.99,
      "unit": "€/l"
    },
    "productPriceWithLoyaltyCard": null,
    "productPricePerUnitWithLoyaltyCard": null,
    "imageUrl": "https://rimibaltic-res.cloudinary.com/image/upload/d_ecommerce:backend-fallback.png/MAT_1371874_PCE_LV",
    "available": true,
    "discount": null
  },
  {
    "shop": "RIMI",
    "categories": [
      1,
      1001,
      1001001
    ],
    "productName": "Alus dzērie. Zelta C!der Blackcurrant 4,5% 1l",
    "productPriceOld": null,
    "productPrice": {
      "value": 2.99,
      "unit": "€/gab"
    },
    "productPricePerUnit": {
      "value": 2.99,
      "unit": "€/l"
    },
    "productPriceWithLoyaltyCard": null,
    "productPricePerUnitWithLoyaltyCard": null,
    "imageUrl": "https://rimibaltic-res.cloudinary.com/image/upload/d_ecommerce:backend-fallback.png/MAT_1371868_PCE_LV",
    "available": true,
    "discount": null
  },
  {
    "shop": "MAXIMA",
    "categories": [
      1,
      1002,
      10010020
    ],
    "productName": "Sula CIDO apelsīnu 100% 1L",
    "productPriceOld": null,
    "productPrice": {
      "value": 2.99,
      "unit": "€"
    },
    "productPricePerUnit": {
      "value": 2.99,
      "unit": "€/l"
    },
    "productPriceWithLoyaltyCard": null,
    "productPricePerUnitWithLoyaltyCard": null,
    "imageUrl": "https://cdn.barbora.lv/products/745fa80e-a7d6-4259-ae1d-6ee50558a4d4_s.png",
    "available": true,
    "discount": null
  },
  {
    "shop": "MAXIMA",
    "categories": [
      1,
      1002,
      10010020
    ],
    "productName": "Sula WELL DONE Apelsīnu NFC 1L PET D",
    "productPriceOld": null,
    "productPrice": {
      "value": 2.99,
      "unit": "€"
    },
    "productPricePerUnit": {
      "value": 2.99,
      "unit": "€/l"
    },
    "productPriceWithLoyaltyCard": null,
    "productPricePerUnitWithLoyaltyCard": null,
    "imageUrl": "https://cdn.barbora.lv/products/fdf65378-8ffe-47aa-8fa3-5a945a396506_s.png",
    "available": true,
    "discount": null
  },
  {
    "shop": "MAXIMA",
    "categories": [
      1,
      1002,
      10010020
    ],
    "productName": "Sula WELL DONE ananasu, ābolu NFC 1L PET D",
    "productPriceOld": null,
    "productPrice": {
      "value": 2.99,
      "unit": "€"
    },
    "productPricePerUnit": {
      "value": 2.99,
      "unit": "€/l"
    },
    "productPriceWithLoyaltyCard": null,
    "productPricePerUnitWithLoyaltyCard": null,
    "imageUrl": "https://cdn.barbora.lv/products/5e4e9c3e-d78f-46dc-8603-49f912b4272b_s.png",
    "available": true,
    "discount": null
  },
  {
    "shop": "MAXIMA",
    "categories": [
      1,
      1002,
      10010020
    ],
    "productName": "Sula HOHES C āb.gran.av.100% ar dz.1L D",
    "productPriceOld": null,
    "productPrice": {
      "value": 2.99,
      "unit": "€"
    },
    "productPricePerUnit": {
      "value": 2.99,
      "unit": "€/l"
    },
    "productPriceWithLoyaltyCard": null,
    "productPricePerUnitWithLoyaltyCard": null,
    "imageUrl": "https://cdn.barbora.lv/products/3ec899c0-cbfc-4029-b5b6-888ced20b76c_s.png",
    "available": true,
    "discount": null
  },
  {
    "shop": "MAXIMA",
    "categories": [
      1,
      1002,
      10010020
    ],
    "productName": "Sula ābolu-ķiršu WELL DONE NFC 1L PET D",
    "productPriceOld": null,
    "productPrice": {
      "value": 2.99,
      "unit": "€"
    },
    "productPricePerUnit": {
      "value": 2.99,
      "unit": "€/l"
    },
    "productPriceWithLoyaltyCard": null,
    "productPricePerUnitWithLoyaltyCard": null,
    "imageUrl": "https://cdn.barbora.lv/products/f38fba6d-7798-4631-aba4-cdf9d2c38d75_s.png",
    "available": true,
    "discount": null
  },
  {
    "shop": "MAXIMA",
    "categories": [
      1,
      1002,
      10010020
    ],
    "productName": "Sula HOHES C ap.-pasifl.augļ. 100% 1L D",
    "productPriceOld": null,
    "productPrice": {
      "value": 2.99,
      "unit": "€"
    },
    "productPricePerUnit": {
      "value": 2.99,
      "unit": "€/l"
    },
    "productPriceWithLoyaltyCard": null,
    "productPricePerUnitWithLoyaltyCard": null,
    "imageUrl": "https://cdn.barbora.lv/products/b2c5cb26-57a2-4f3d-a8ce-89d33df3b86b_s.png",
    "available": true,
    "discount": null
  },
  {
    "shop": "MAXIMA",
    "categories": [
      1,
      1002,
      10010020
    ],
    "productName": "Sula HOHES C multiaugļu 100% +cinks 1L D",
    "productPriceOld": null,
    "productPrice": {
      "value": 2.99,
      "unit": "€"
    },
    "productPricePerUnit": {
      "value": 2.99,
      "unit": "€/l"
    },
    "productPriceWithLoyaltyCard": null,
    "productPricePerUnitWithLoyaltyCard": null,
    "imageUrl": "https://cdn.barbora.lv/products/f12a3a38-bdc3-487a-8ba4-999658df2f30_s.png",
    "available": true,
    "discount": null
  },
  {
    "shop": "MAXIMA",
    "categories": [
      1,
      1002,
      10010020
    ],
    "productName": "Sula WELL DONE Mandarīnu NFC 1L PET D",
    "productPriceOld": null,
    "productPrice": {
      "value": 2.99,
      "unit": "€"
    },
    "productPricePerUnit": {
      "value": 2.99,
      "unit": "€/l"
    },
    "productPriceWithLoyaltyCard": null,
    "productPricePerUnitWithLoyaltyCard": null,
    "imageUrl": "https://cdn.barbora.lv/products/c143a73e-c5aa-471f-9802-19f05242d67b_s.png",
    "available": true,
    "discount": null
  },
  {
    "shop": "MAXIMA",
    "categories": [
      1,
      1001,
      1001001
    ],
    "productName": "Alus dz. ZELTA CIDER upeņu 4,5% 1L PET D",
    "productPriceOld": null,
    "productPrice": {
      "value": 2.99,
      "unit": "€"
    },
    "productPricePerUnit": {
      "value": 2.99,
      "unit": "€/l"
    },
    "productPriceWithLoyaltyCard": null,
    "productPricePerUnitWithLoyaltyCard": null,
    "imageUrl": "https://cdn.barbora.lv/products/6c3aff6b-5726-4c92-a5d1-5f14a7640b61_s.png",
    "available": true,
    "discount": null
  },
  {
    "shop": "MAXIMA",
    "categories": [
      2,
      2001,
      2001006
    ],
    "productName": "Rupjmaize Rankas ĶELMĒNI sagriezta 1kg",
    "productPriceOld": null,
    "productPrice": {
      "value": 2.99,
      "unit": "€"
    },
    "productPricePerUnit": {
      "value": 2.99,
      "unit": "€/kg"
    },
    "productPriceWithLoyaltyCard": null,
    "productPricePerUnitWithLoyaltyCard": null,
    "imageUrl": "https://cdn.barbora.lv/products/85a42b1f-c6d8-414f-9243-61bd9b8df886_s.png",
    "available": true,
    "discount": null
  },
  {
    "shop": "CITRO",
    "categories": [
      1,
      1001,
      1001002
    ],
    "productName": "SIDRS BUMBIERU LUCKY DOG 5% 1L",
    "productPriceOld": {
      "value": 3.39,
      "unit": "€"
    },
    "productPrice": {
      "value": 2.99,
      "unit": "€"
    },
    "productPricePerUnit": {
      "value": 2.99,
      "unit": "€/L"
    },
    "productPriceWithLoyaltyCard": null,
    "productPricePerUnitWithLoyaltyCard": null,
    "imageUrl": "https://rezekne.citro.lv/wp-content/uploads/2022/04/4750021010781-300x300.jpg",
    "available": true,
    "discount": 12
  },
  {
    "shop": "RIMI",
    "categories": [
      2,
      2001,
      2001007
    ],
    "productName": "Kliju maize Druva Spēkavotu 250g",
    "productPriceOld": {
      "value": 1.15,
      "unit": "€"
    },
    "productPrice": {
      "value": 0.75,
      "unit": "€/gab"
    },
    "productPricePerUnit": {
      "value": 3,
      "unit": "€/kg"
    },
    "productPriceWithLoyaltyCard": null,
    "productPricePerUnitWithLoyaltyCard": null,
    "imageUrl": "https://rimibaltic-res.cloudinary.com/image/upload/d_ecommerce:backend-fallback.png/MAT_905062_PCE_LV",
    "available": true,
    "discount": 35
  },
  {
    "shop": "RIMI",
    "categories": [
      1,
      1002,
      10010021
    ],
    "productName": "Gāz.dzēr. Coca Cola Zero ar saldinātāju 0,33l",
    "productPriceOld": null,
    "productPrice": {
      "value": 0.99,
      "unit": "€/gab"
    },
    "productPricePerUnit": {
      "value": 3,
      "unit": "€/l"
    },
    "productPriceWithLoyaltyCard": null,
    "productPricePerUnitWithLoyaltyCard": null,
    "imageUrl": "https://rimibaltic-res.cloudinary.com/image/upload/d_ecommerce:backend-fallback.png/MAT_1354336_PCE_LV",
    "available": true,
    "discount": null
  },
  {
    "shop": "RIMI",
    "categories": [
      1,
      1002,
      10010021
    ],
    "productName": "Gāzēts dzēriens Coca Cola 0,33l",
    "productPriceOld": null,
    "productPrice": {
      "value": 0.99,
      "unit": "€/gab"
    },
    "productPricePerUnit": {
      "value": 3,
      "unit": "€/l"
    },
    "productPriceWithLoyaltyCard": null,
    "productPricePerUnitWithLoyaltyCard": null,
    "imageUrl": "https://rimibaltic-res.cloudinary.com/image/upload/d_ecommerce:backend-fallback.png/MAT_1351912_PCE_LV",
    "available": true,
    "discount": null
  },
  {
    "shop": "RIMI",
    "categories": [
      1,
      1002,
      10010021
    ],
    "productName": "Gāz. dzēriens Coca Cola Zero ar saldin. 0,33l",
    "productPriceOld": null,
    "productPrice": {
      "value": 0.99,
      "unit": "€/gab"
    },
    "productPricePerUnit": {
      "value": 3,
      "unit": "€/l"
    },
    "productPriceWithLoyaltyCard": null,
    "productPricePerUnitWithLoyaltyCard": null,
    "imageUrl": "https://rimibaltic-res.cloudinary.com/image/upload/d_ecommerce:backend-fallback.png/MAT_1373207_PCE_LV",
    "available": true,
    "discount": null
  },
  {
    "shop": "RIMI",
    "categories": [
      1,
      1002,
      10010021
    ],
    "productName": "Gāz.dzēriens Mirinda 0,33L",
    "productPriceOld": null,
    "productPrice": {
      "value": 0.99,
      "unit": "€/gab"
    },
    "productPricePerUnit": {
      "value": 3,
      "unit": "€/l"
    },
    "productPriceWithLoyaltyCard": null,
    "productPricePerUnitWithLoyaltyCard": null,
    "imageUrl": "https://rimibaltic-res.cloudinary.com/image/upload/d_ecommerce:backend-fallback.png/MAT_1360354_PCE_LV",
    "available": true,
    "discount": null
  },
  {
    "shop": "RIMI",
    "categories": [
      1,
      1003,
      1003005
    ],
    "productName": "Bezalk.dzēriens Rose Lemonade 0,33l",
    "productPriceOld": null,
    "productPrice": {
      "value": 0.99,
      "unit": "€/gab"
    },
    "productPricePerUnit": {
      "value": 3,
      "unit": "€/l"
    },
    "productPriceWithLoyaltyCard": null,
    "productPricePerUnitWithLoyaltyCard": null,
    "imageUrl": "https://rimibaltic-res.cloudinary.com/image/upload/d_ecommerce:backend-fallback.png/MAT_1364690_PCE_LV",
    "available": true,
    "discount": null
  },
  {
    "shop": "RIMI",
    "categories": [
      1,
      1002,
      10010021
    ],
    "productName": "Gāz.dzēriens  7UP 0,33L bun.",
    "productPriceOld": null,
    "productPrice": {
      "value": 0.99,
      "unit": "€/gab"
    },
    "productPricePerUnit": {
      "value": 3,
      "unit": "€/l"
    },
    "productPriceWithLoyaltyCard": null,
    "productPricePerUnitWithLoyaltyCard": null,
    "imageUrl": "https://rimibaltic-res.cloudinary.com/image/upload/d_ecommerce:backend-fallback.png/MAT_1360384_PCE_LV",
    "available": true,
    "discount": null
  },
  {
    "shop": "RIMI",
    "categories": [
      1,
      1003,
      1003005
    ],
    "productName": "Bezalkoholiskais dzēriens Indian Tonic 0,33l",
    "productPriceOld": null,
    "productPrice": {
      "value": 0.99,
      "unit": "€/gab"
    },
    "productPricePerUnit": {
      "value": 3,
      "unit": "€/l"
    },
    "productPriceWithLoyaltyCard": null,
    "productPricePerUnitWithLoyaltyCard": null,
    "imageUrl": "https://rimibaltic-res.cloudinary.com/image/upload/d_ecommerce:backend-fallback.png/MAT_1364680_PCE_LV",
    "available": true,
    "discount": null
  },
  {
    "shop": "RIMI",
    "categories": [
      1,
      1002,
      10010021
    ],
    "productName": "Gāzēts dzēriens Fanta 0,33l",
    "productPriceOld": null,
    "productPrice": {
      "value": 0.99,
      "unit": "€/gab"
    },
    "productPricePerUnit": {
      "value": 3,
      "unit": "€/l"
    },
    "productPriceWithLoyaltyCard": null,
    "productPricePerUnitWithLoyaltyCard": null,
    "imageUrl": "https://rimibaltic-res.cloudinary.com/image/upload/d_ecommerce:backend-fallback.png/MAT_1354572_PCE_LV",
    "available": true,
    "discount": null
  },
  {
    "shop": "RIMI",
    "categories": [
      1,
      1002,
      10010021
    ],
    "productName": "Gāzēts dzēriens Sprite 0,33l",
    "productPriceOld": null,
    "productPrice": {
      "value": 0.99,
      "unit": "€/gab"
    },
    "productPricePerUnit": {
      "value": 3,
      "unit": "€/l"
    },
    "productPriceWithLoyaltyCard": null,
    "productPricePerUnitWithLoyaltyCard": null,
    "imageUrl": "https://rimibaltic-res.cloudinary.com/image/upload/d_ecommerce:backend-fallback.png/MAT_1367109_PCE_LV",
    "available": true,
    "discount": null
  },
  {
    "shop": "RIMI",
    "categories": [
      1,
      1003,
      1003001
    ],
    "productName": "Bezalkoholiskais alus Carlsberg Organic 0,33l",
    "productPriceOld": null,
    "productPrice": {
      "value": 1.69,
      "unit": "€/gab"
    },
    "productPricePerUnit": {
      "value": 5.12,
      "unit": "€/l"
    },
    "productPriceWithLoyaltyCard": {
      "value": 0.99,
      "unit": "€"
    },
    "productPricePerUnitWithLoyaltyCard": {
      "value": 3,
      "unit": "€/l"
    },
    "imageUrl": "https://rimibaltic-res.cloudinary.com/image/upload/d_ecommerce:backend-fallback.png/MAT_1372726_PCE_LV",
    "available": true,
    "discount": 41
  },
  {
    "shop": "RIMI",
    "categories": [
      1,
      1001,
      1001001
    ],
    "productName": "Alus Kronenbourg Blanc 5% 4x0,5l",
    "productPriceOld": null,
    "productPrice": {
      "value": 5.99,
      "unit": "€/gab"
    },
    "productPricePerUnit": {
      "value": 3,
      "unit": "€/l"
    },
    "productPriceWithLoyaltyCard": null,
    "productPricePerUnitWithLoyaltyCard": null,
    "imageUrl": "https://rimibaltic-res.cloudinary.com/image/upload/d_ecommerce:backend-fallback.png/MAT_1367446_PCE_LV",
    "available": true,
    "discount": null
  },
  {
    "shop": "MAXIMA",
    "categories": [
      1,
      1002,
      10010021
    ],
    "productName": "Gāzēts dzēriens COCA-COLA 0,33L skārd. D",
    "productPriceOld": null,
    "productPrice": {
      "value": 0.99,
      "unit": "€"
    },
    "productPricePerUnit": {
      "value": 3,
      "unit": "€/l"
    },
    "productPriceWithLoyaltyCard": null,
    "productPricePerUnitWithLoyaltyCard": null,
    "imageUrl": "https://cdn.barbora.lv/products/8a328c69-89e4-4291-a637-04dc4a334a87_s.png",
    "available": true,
    "discount": null
  },
  {
    "shop": "MAXIMA",
    "categories": [
      1,
      1002,
      10010021
    ],
    "productName": "Gāzēts dzēriens COCA-COLA ZERO 0,33L skārdenē D",
    "productPriceOld": null,
    "productPrice": {
      "value": 0.99,
      "unit": "€"
    },
    "productPricePerUnit": {
      "value": 3,
      "unit": "€/l"
    },
    "productPriceWithLoyaltyCard": null,
    "productPricePerUnitWithLoyaltyCard": null,
    "imageUrl": "https://cdn.barbora.lv/products/cae0f9d4-d181-4f93-be2c-64fde98e2d5d_s.png",
    "available": true,
    "discount": null
  },
  {
    "shop": "MAXIMA",
    "categories": [
      1,
      1002,
      10010021
    ],
    "productName": "Gāzēts dzēriens PEPSI MAX 330ml bundža D",
    "productPriceOld": null,
    "productPrice": {
      "value": 0.99,
      "unit": "€"
    },
    "productPricePerUnit": {
      "value": 3,
      "unit": "€/l"
    },
    "productPriceWithLoyaltyCard": null,
    "productPricePerUnitWithLoyaltyCard": null,
    "imageUrl": "https://cdn.barbora.lv/products/47bdf35a-5844-43f5-bef3-7470ee205000_s.png",
    "available": true,
    "discount": null
  },
  {
    "shop": "MAXIMA",
    "categories": [
      1,
      1002,
      10010021
    ],
    "productName": "Gāzēts dzēriens PEPSI 330ml bundža D",
    "productPriceOld": null,
    "productPrice": {
      "value": 0.99,
      "unit": "€"
    },
    "productPricePerUnit": {
      "value": 3,
      "unit": "€/l"
    },
    "productPriceWithLoyaltyCard": null,
    "productPricePerUnitWithLoyaltyCard": null,
    "imageUrl": "https://cdn.barbora.lv/products/5203b173-d43d-4d7f-9ac5-f7c5b66d01c4_s.png",
    "available": true,
    "discount": null
  },
  {
    "shop": "MAXIMA",
    "categories": [
      1,
      1002,
      10010021
    ],
    "productName": "Gāzēts dzēriens PACHA Melones garša 0,33L",
    "productPriceOld": {
      "value": 1.59,
      "unit": "€"
    },
    "productPrice": {
      "value": 1.59,
      "unit": "€"
    },
    "productPricePerUnit": {
      "value": 4.82,
      "unit": "€/l"
    },
    "productPriceWithLoyaltyCard": {
      "value": 0.99,
      "unit": "€"
    },
    "productPricePerUnitWithLoyaltyCard": {
      "value": 3,
      "unit": "€/l"
    },
    "imageUrl": "https://cdn.barbora.lv/products/141d4260-8c62-4865-a6f2-76e96c88c0bb_s.png",
    "available": true,
    "discount": 38
  },
  {
    "shop": "MAXIMA",
    "categories": [
      1,
      1002,
      10010021
    ],
    "productName": "Gāzēts dzēr.FANTA Zemeņu-Kivi 0,33L D",
    "productPriceOld": {
      "value": 1.49,
      "unit": "€"
    },
    "productPrice": {
      "value": 1.49,
      "unit": "€"
    },
    "productPricePerUnit": {
      "value": 4.52,
      "unit": "€/l"
    },
    "productPriceWithLoyaltyCard": {
      "value": 0.99,
      "unit": "€"
    },
    "productPricePerUnitWithLoyaltyCard": {
      "value": 3,
      "unit": "€/l"
    },
    "imageUrl": "https://cdn.barbora.lv/products/a3ef2637-4dc6-4578-8a0a-cd19809620a3_s.png",
    "available": true,
    "discount": 34
  },
  {
    "shop": "MAXIMA",
    "categories": [
      1,
      1002,
      10010021
    ],
    "productName": "Gāzēts dzēriens FANTA Exotic 0,33L D",
    "productPriceOld": {
      "value": 1.49,
      "unit": "€"
    },
    "productPrice": {
      "value": 1.49,
      "unit": "€"
    },
    "productPricePerUnit": {
      "value": 4.52,
      "unit": "€/l"
    },
    "productPriceWithLoyaltyCard": {
      "value": 0.99,
      "unit": "€"
    },
    "productPricePerUnitWithLoyaltyCard": {
      "value": 3,
      "unit": "€/l"
    },
    "imageUrl": "https://cdn.barbora.lv/products/85004b08-32c6-4aa4-ba50-637e97d81af3_s.png",
    "available": true,
    "discount": 34
  },
  {
    "shop": "MAXIMA",
    "categories": [
      1,
      1002,
      10010021
    ],
    "productName": "Gāzēts dzēriens SPRITE 0,33L D",
    "productPriceOld": null,
    "productPrice": {
      "value": 0.99,
      "unit": "€"
    },
    "productPricePerUnit": {
      "value": 3,
      "unit": "€/l"
    },
    "productPriceWithLoyaltyCard": null,
    "productPricePerUnitWithLoyaltyCard": null,
    "imageUrl": "https://cdn.barbora.lv/products/06fe4b63-8764-4444-8e4f-0c8a500a3c34_s.png",
    "available": true,
    "discount": null
  },
  {
    "shop": "MAXIMA",
    "categories": [
      1,
      1002,
      10010021
    ],
    "productName": "Gāz.dzēriens FANTA ORANGE 0,33L skārd. D",
    "productPriceOld": null,
    "productPrice": {
      "value": 0.99,
      "unit": "€"
    },
    "productPricePerUnit": {
      "value": 3,
      "unit": "€/l"
    },
    "productPriceWithLoyaltyCard": null,
    "productPricePerUnitWithLoyaltyCard": null,
    "imageUrl": "https://cdn.barbora.lv/products/ad002224-d26f-4deb-aea4-0d2c7ce0ed99_s.png",
    "available": true,
    "discount": null
  },
  {
    "shop": "MAXIMA",
    "categories": [
      1,
      1002,
      10010021
    ],
    "productName": "Gāzēts dzēr. JOHNNY BLOOM'S Rose 0,33L D",
    "productPriceOld": null,
    "productPrice": {
      "value": 0.99,
      "unit": "€"
    },
    "productPricePerUnit": {
      "value": 3,
      "unit": "€/l"
    },
    "productPriceWithLoyaltyCard": null,
    "productPricePerUnitWithLoyaltyCard": null,
    "imageUrl": "https://cdn.barbora.lv/products/ac1c044c-45d3-4881-acce-9e189993cac3_s.png",
    "available": true,
    "discount": null
  },
  {
    "shop": "MAXIMA",
    "categories": [
      1,
      1002,
      10010021
    ],
    "productName": "Gāzēts dzēriens MIRINDA 0,33L bundža D",
    "productPriceOld": null,
    "productPrice": {
      "value": 0.99,
      "unit": "€"
    },
    "productPricePerUnit": {
      "value": 3,
      "unit": "€/l"
    },
    "productPriceWithLoyaltyCard": null,
    "productPricePerUnitWithLoyaltyCard": null,
    "imageUrl": "https://cdn.barbora.lv/products/6aaa3157-7ce3-4080-ab73-f63405019f2f_s.png",
    "available": true,
    "discount": null
  },
  {
    "shop": "MAXIMA",
    "categories": [
      1,
      1002,
      10010021
    ],
    "productName": "Gāzēts dz. JOHNNY BLOOM'S Tonic 330ml D",
    "productPriceOld": null,
    "productPrice": {
      "value": 0.99,
      "unit": "€"
    },
    "productPricePerUnit": {
      "value": 3,
      "unit": "€/l"
    },
    "productPriceWithLoyaltyCard": null,
    "productPricePerUnitWithLoyaltyCard": null,
    "imageUrl": "https://cdn.barbora.lv/products/3935835c-abcb-40f9-937d-63b4cd2bcd76_s.png",
    "available": true,
    "discount": null
  },
  {
    "shop": "MAXIMA",
    "categories": [
      1,
      1002,
      10010021
    ],
    "productName": "Gāzēts dzēriens 7UP 0,33L bundžā D",
    "productPriceOld": null,
    "productPrice": {
      "value": 0.99,
      "unit": "€"
    },
    "productPricePerUnit": {
      "value": 3,
      "unit": "€/l"
    },
    "productPriceWithLoyaltyCard": null,
    "productPricePerUnitWithLoyaltyCard": null,
    "imageUrl": "https://cdn.barbora.lv/products/f13431fc-5ecc-44a3-8c25-0d42d4eba1b0_s.png",
    "available": true,
    "discount": null
  },
  {
    "shop": "MAXIMA",
    "categories": [
      1,
      1002,
      10010020
    ],
    "productName": "Sula TYMBARK DISNEY aveņu-āb.-ķiršu 0,2L",
    "productPriceOld": null,
    "productPrice": {
      "value": 0.6,
      "unit": "€"
    },
    "productPricePerUnit": {
      "value": 3,
      "unit": "€/l"
    },
    "productPriceWithLoyaltyCard": null,
    "productPricePerUnitWithLoyaltyCard": null,
    "imageUrl": "https://cdn.barbora.lv/products/91c32d4a-ccb1-4bd5-a3ae-43467a3d1933_s.png",
    "available": true,
    "discount": null
  },
  {
    "shop": "MAXIMA",
    "categories": [
      1,
      1002,
      10010020
    ],
    "productName": "Sula TYMBARK DISNEY sark.multivit. 0,2L",
    "productPriceOld": null,
    "productPrice": {
      "value": 0.6,
      "unit": "€"
    },
    "productPricePerUnit": {
      "value": 3,
      "unit": "€/l"
    },
    "productPriceWithLoyaltyCard": null,
    "productPricePerUnitWithLoyaltyCard": null,
    "imageUrl": "https://cdn.barbora.lv/products/3e162362-48bd-43a8-a1d6-9f48e66ecab8_s.png",
    "available": true,
    "discount": null
  },
  {
    "shop": "MAXIMA",
    "categories": [
      1,
      1001,
      1001001
    ],
    "productName": "Alus ZELTA RADLER greifr. 2% 0,5L sk. D",
    "productPriceOld": null,
    "productPrice": {
      "value": 1.5,
      "unit": "€"
    },
    "productPricePerUnit": {
      "value": 3,
      "unit": "€/l"
    },
    "productPriceWithLoyaltyCard": null,
    "productPricePerUnitWithLoyaltyCard": null,
    "imageUrl": "https://cdn.barbora.lv/products/094a4453-bbdd-445f-b1c9-da16c9fffbd3_s.png",
    "available": true,
    "discount": null
  },
  {
    "shop": "MAXIMA",
    "categories": [
      1,
      1001,
      1001001
    ],
    "productName": "Alus LIELVĀRDES Aveņu NEIPA 5% 0,5L D",
    "productPriceOld": {
      "value": 2.31,
      "unit": "€"
    },
    "productPrice": {
      "value": 1.5,
      "unit": "€"
    },
    "productPricePerUnit": {
      "value": 3,
      "unit": "€/l"
    },
    "productPriceWithLoyaltyCard": null,
    "productPricePerUnitWithLoyaltyCard": null,
    "imageUrl": "https://cdn.barbora.lv/products/1854df76-f2cd-4681-83f6-3f26da57df69_s.png",
    "available": true,
    "discount": 35
  },
  {
    "shop": "MAXIMA",
    "categories": [
      1,
      1001,
      1001001
    ],
    "productName": "Alus CĒSU PREMIUM Bohemian 4,5% 0,568L D",
    "productPriceOld": null,
    "productPrice": {
      "value": 1.71,
      "unit": "€"
    },
    "productPricePerUnit": {
      "value": 3.01,
      "unit": "€/l"
    },
    "productPriceWithLoyaltyCard": null,
    "productPricePerUnitWithLoyaltyCard": null,
    "imageUrl": "https://cdn.barbora.lv/products/2e809757-1353-491e-98ba-b8b6116f0920_s.png",
    "available": true,
    "discount": null
  },
  {
    "shop": "MAXIMA",
    "categories": [
      1,
      1001,
      1001001
    ],
    "productName": "Alus TĒRVETES Vieglais 3,5% 0,5L D",
    "productPriceOld": null,
    "productPrice": {
      "value": 1.51,
      "unit": "€"
    },
    "productPricePerUnit": {
      "value": 3.02,
      "unit": "€/l"
    },
    "productPriceWithLoyaltyCard": null,
    "productPricePerUnitWithLoyaltyCard": null,
    "imageUrl": "https://cdn.barbora.lv/products/290d7625-d74b-4630-b0d5-9ba06141bb10_s.png",
    "available": true,
    "discount": null
  },
  {
    "shop": "MAXIMA",
    "categories": [
      1,
      1001,
      1001001
    ],
    "productName": "Alus CĒSU LIGHT 4,2% 0,5L skārd.D",
    "productPriceOld": null,
    "productPrice": {
      "value": 1.51,
      "unit": "€"
    },
    "productPricePerUnit": {
      "value": 3.02,
      "unit": "€/l"
    },
    "productPriceWithLoyaltyCard": null,
    "productPricePerUnitWithLoyaltyCard": null,
    "imageUrl": "https://cdn.barbora.lv/products/81f332c0-ad32-4da3-a5f2-8c22e5228e2d_s.png",
    "available": true,
    "discount": null
  },
  {
    "shop": "MAXIMA",
    "categories": [
      1,
      1001,
      1001001
    ],
    "productName": "Alus BRĀLIS gaišais 5,3% 1L PET D",
    "productPriceOld": null,
    "productPrice": {
      "value": 3.02,
      "unit": "€"
    },
    "productPricePerUnit": {
      "value": 3.02,
      "unit": "€/l"
    },
    "productPriceWithLoyaltyCard": null,
    "productPricePerUnitWithLoyaltyCard": null,
    "imageUrl": "https://cdn.barbora.lv/products/5e04b8c7-379b-4dee-bf17-129c0f186fea_s.png",
    "available": true,
    "discount": null
  },
  {
    "shop": "MAXIMA",
    "categories": [
      1,
      1001,
      1001001
    ],
    "productName": "Alus CĒSU LIGHT 4,2% 0,5L D",
    "productPriceOld": null,
    "productPrice": {
      "value": 1.51,
      "unit": "€"
    },
    "productPricePerUnit": {
      "value": 3.02,
      "unit": "€/l"
    },
    "productPriceWithLoyaltyCard": null,
    "productPricePerUnitWithLoyaltyCard": null,
    "imageUrl": "https://cdn.barbora.lv/products/6749c15d-b517-4860-a607-8dc8642d33ef_s.png",
    "available": true,
    "discount": null
  },
  {
    "shop": "RIMI",
    "categories": [
      1,
      1002,
      10010021
    ],
    "productName": "Gāzēts dzēriens Coca-Cola 6x0,33l",
    "productPriceOld": null,
    "productPrice": {
      "value": 5.99,
      "unit": "€/gab"
    },
    "productPricePerUnit": {
      "value": 3.03,
      "unit": "€/l"
    },
    "productPriceWithLoyaltyCard": null,
    "productPricePerUnitWithLoyaltyCard": null,
    "imageUrl": "https://rimibaltic-res.cloudinary.com/image/upload/d_ecommerce:backend-fallback.png/MAT_1350647_PCE_LV",
    "available": true,
    "discount": null
  },
  {
    "shop": "RIMI",
    "categories": [
      1,
      1002,
      10010021
    ],
    "productName": "Gāzēts dzēriens Coca Cola Zero 6x0,33l",
    "productPriceOld": null,
    "productPrice": {
      "value": 5.99,
      "unit": "€/gab"
    },
    "productPricePerUnit": {
      "value": 3.03,
      "unit": "€/l"
    },
    "productPriceWithLoyaltyCard": null,
    "productPricePerUnitWithLoyaltyCard": null,
    "imageUrl": "https://rimibaltic-res.cloudinary.com/image/upload/d_ecommerce:backend-fallback.png/MAT_1371696_PCE_LV",
    "available": true,
    "discount": null
  },
  {
    "shop": "MAXIMA",
    "categories": [
      1,
      1001,
      1001001
    ],
    "productName": "Alus TUBORG 4,6% 0,568L sk.D",
    "productPriceOld": null,
    "productPrice": {
      "value": 1.72,
      "unit": "€"
    },
    "productPricePerUnit": {
      "value": 3.03,
      "unit": "€/l"
    },
    "productPriceWithLoyaltyCard": null,
    "productPricePerUnitWithLoyaltyCard": null,
    "imageUrl": "https://cdn.barbora.lv/products/99a099a8-5a2d-4536-84b4-f0da30ad8bb7_s.png",
    "available": true,
    "discount": null
  },
  {
    "shop": "MAXIMA",
    "categories": [
      1,
      1001,
      1001001
    ],
    "productName": "Alus ALDARIS LUKSUS 5,2% 0,568L D",
    "productPriceOld": null,
    "productPrice": {
      "value": 1.72,
      "unit": "€"
    },
    "productPricePerUnit": {
      "value": 3.03,
      "unit": "€/l"
    },
    "productPriceWithLoyaltyCard": null,
    "productPricePerUnitWithLoyaltyCard": null,
    "imageUrl": "https://cdn.barbora.lv/products/2e971b54-fe8e-4e6d-ba3a-1822c3c4db7a_s.png",
    "available": true,
    "discount": null
  },
  {
    "shop": "RIMI",
    "categories": [
      1,
      1003,
      1003002
    ],
    "productName": "Sidrs Iļģuciema ābolu bezalkoholiskais 0,49l",
    "productPriceOld": null,
    "productPrice": {
      "value": 1.49,
      "unit": "€/gab"
    },
    "productPricePerUnit": {
      "value": 3.04,
      "unit": "€/l"
    },
    "productPriceWithLoyaltyCard": null,
    "productPricePerUnitWithLoyaltyCard": null,
    "imageUrl": "https://rimibaltic-res.cloudinary.com/image/upload/d_ecommerce:backend-fallback.png/MAT_1374356_PCE_LV",
    "available": true,
    "discount": null
  },
  {
    "shop": "MAXIMA",
    "categories": [
      2,
      2001,
      2001005
    ],
    "productName": "Saldskābmaize ar saulespuķu sēklām 490g",
    "productPriceOld": null,
    "productPrice": {
      "value": 1.49,
      "unit": "€"
    },
    "productPricePerUnit": {
      "value": 3.04,
      "unit": "€/kg"
    },
    "productPriceWithLoyaltyCard": null,
    "productPricePerUnitWithLoyaltyCard": null,
    "imageUrl": "https://cdn.barbora.lv/products/60bce3a7-1bb3-4b91-8aec-4feb720ddd69_s.png",
    "available": true,
    "discount": null
  },
  {
    "shop": "RIMI",
    "categories": [
      2,
      2001,
      20010011
    ],
    "productName": "Sēklu maize Kuršu sagriezta 390g",
    "productPriceOld": {
      "value": 1.45,
      "unit": "€"
    },
    "productPrice": {
      "value": 1.19,
      "unit": "€/gab"
    },
    "productPricePerUnit": {
      "value": 3.05,
      "unit": "€/kg"
    },
    "productPriceWithLoyaltyCard": null,
    "productPricePerUnitWithLoyaltyCard": null,
    "imageUrl": "https://rimibaltic-res.cloudinary.com/image/upload/d_ecommerce:backend-fallback.png/MAT_282335_PCE_LV",
    "available": true,
    "discount": 18
  },
  {
    "shop": "MAXIMA",
    "categories": [
      1,
      1002,
      10010021
    ],
    "productName": "Dzēr.OSHEE Isotonic līčiju-citr. 0,555L",
    "productPriceOld": null,
    "productPrice": {
      "value": 1.69,
      "unit": "€"
    },
    "productPricePerUnit": {
      "value": 3.05,
      "unit": "€/l"
    },
    "productPriceWithLoyaltyCard": null,
    "productPricePerUnitWithLoyaltyCard": null,
    "imageUrl": "https://cdn.barbora.lv/products/0374bd54-a33d-4dfb-a885-58afe0143246_s.png",
    "available": true,
    "discount": null
  },
  {
    "shop": "CITRO",
    "categories": [
      2,
      2001,
      2001004
    ],
    "productName": "MAIZE RUDZU ZELTENE 1/2 390G LATVIJASM",
    "productPriceOld": null,
    "productPrice": null,
    "productPricePerUnit": {
      "value": 3.05,
      "unit": "€/KG"
    },
    "productPriceWithLoyaltyCard": null,
    "productPricePerUnitWithLoyaltyCard": null,
    "imageUrl": "https://rezekne.citro.lv/wp-content/uploads/2022/11/Latvijas-Zeltene_-pilngraudu-rudzu-maize--300x300.png",
    "available": true,
    "discount": null
  },
  {
    "shop": "MAXIMA",
    "categories": [
      1,
      1002,
      10010020
    ],
    "productName": "Nektārs GUTTA upeņu 1L",
    "productPriceOld": null,
    "productPrice": {
      "value": 3.06,
      "unit": "€"
    },
    "productPricePerUnit": {
      "value": 3.06,
      "unit": "€/l"
    },
    "productPriceWithLoyaltyCard": null,
    "productPricePerUnitWithLoyaltyCard": null,
    "imageUrl": "https://cdn.barbora.lv/products/091f6a9c-33db-4512-89a5-af53a0e5d099_s.png",
    "available": true,
    "discount": null
  },
  {
    "shop": "RIMI",
    "categories": [
      1,
      1001,
      1001001
    ],
    "productName": "Alus Cēsu Premium Bohemian 4,5% 0,568l",
    "productPriceOld": null,
    "productPrice": {
      "value": 1.75,
      "unit": "€/gab"
    },
    "productPricePerUnit": {
      "value": 3.08,
      "unit": "€/l"
    },
    "productPriceWithLoyaltyCard": null,
    "productPricePerUnitWithLoyaltyCard": null,
    "imageUrl": "https://rimibaltic-res.cloudinary.com/image/upload/d_ecommerce:backend-fallback.png/MAT_1363409_PCE_LV",
    "available": true,
    "discount": null
  },
  {
    "shop": "RIMI",
    "categories": [
      1,
      1001,
      1001001
    ],
    "productName": "Alus Aldaris Luksus 5,2% 0,568l",
    "productPriceOld": null,
    "productPrice": {
      "value": 1.75,
      "unit": "€/gab"
    },
    "productPricePerUnit": {
      "value": 3.08,
      "unit": "€/l"
    },
    "productPriceWithLoyaltyCard": null,
    "productPricePerUnitWithLoyaltyCard": null,
    "imageUrl": "https://rimibaltic-res.cloudinary.com/image/upload/d_ecommerce:backend-fallback.png/MAT_1371265_PCE_LV",
    "available": true,
    "discount": null
  },
  {
    "shop": "RIMI",
    "categories": [
      1,
      1001,
      1001001
    ],
    "productName": "Alus Aldaris Luksus 5,2% 0,568l",
    "productPriceOld": null,
    "productPrice": {
      "value": 1.75,
      "unit": "€/gab"
    },
    "productPricePerUnit": {
      "value": 3.08,
      "unit": "€/l"
    },
    "productPriceWithLoyaltyCard": null,
    "productPricePerUnitWithLoyaltyCard": null,
    "imageUrl": "https://rimibaltic-res.cloudinary.com/image/upload/d_ecommerce:backend-fallback.png/MAT_1371265_PCE_LV",
    "available": true,
    "discount": null
  },
  {
    "shop": "MAXIMA",
    "categories": [
      1,
      1002,
      10010022
    ],
    "productName": "Enerģ. dzēriens CULT Anime Ice 0,5L D",
    "productPriceOld": null,
    "productPrice": {
      "value": 1.54,
      "unit": "€"
    },
    "productPricePerUnit": {
      "value": 3.08,
      "unit": "€/l"
    },
    "productPriceWithLoyaltyCard": null,
    "productPricePerUnitWithLoyaltyCard": null,
    "imageUrl": "https://cdn.barbora.lv/products/a007ffd9-fd70-47fd-b37a-a16585e959c8_s.png",
    "available": true,
    "discount": null
  },
  {
    "shop": "MAXIMA",
    "categories": [
      1,
      1002,
      10010022
    ],
    "productName": "Enerģijas dzēriens CULT Original 500ml D",
    "productPriceOld": null,
    "productPrice": {
      "value": 1.54,
      "unit": "€"
    },
    "productPricePerUnit": {
      "value": 3.08,
      "unit": "€/l"
    },
    "productPriceWithLoyaltyCard": null,
    "productPricePerUnitWithLoyaltyCard": null,
    "imageUrl": "https://cdn.barbora.lv/products/29f73068-4525-4e6c-938d-b704296986cb_s.png",
    "available": true,
    "discount": null
  },
  {
    "shop": "MAXIMA",
    "categories": [
      1,
      1002,
      10010022
    ],
    "productName": "Enerģijas dzēriens BATTERY Zemeņu-Laims 0,5L D",
    "productPriceOld": null,
    "productPrice": {
      "value": 1.54,
      "unit": "€"
    },
    "productPricePerUnit": {
      "value": 3.08,
      "unit": "€/l"
    },
    "productPriceWithLoyaltyCard": null,
    "productPricePerUnitWithLoyaltyCard": null,
    "imageUrl": "https://cdn.barbora.lv/products/0c4ad8e1-c310-498c-8332-90d6ac43d26e_s.png",
    "available": true,
    "discount": null
  },
  {
    "shop": "MAXIMA",
    "categories": [
      1,
      1002,
      10010022
    ],
    "productName": "Enerģijas dzēriens BATTERY Fresh 0,5L D",
    "productPriceOld": null,
    "productPrice": {
      "value": 1.54,
      "unit": "€"
    },
    "productPricePerUnit": {
      "value": 3.08,
      "unit": "€/l"
    },
    "productPriceWithLoyaltyCard": null,
    "productPricePerUnitWithLoyaltyCard": null,
    "imageUrl": "https://cdn.barbora.lv/products/9cea4f2f-7273-495e-a35f-b735874139e9_s.png",
    "available": true,
    "discount": null
  },
  {
    "shop": "MAXIMA",
    "categories": [
      1,
      1001,
      1001001
    ],
    "productName": "Alus LIELVĀRDES Ķiršu 5% 0,5L D",
    "productPriceOld": {
      "value": 2.37,
      "unit": "€"
    },
    "productPrice": {
      "value": 1.54,
      "unit": "€"
    },
    "productPricePerUnit": {
      "value": 3.08,
      "unit": "€/l"
    },
    "productPriceWithLoyaltyCard": null,
    "productPricePerUnitWithLoyaltyCard": null,
    "imageUrl": "https://cdn.barbora.lv/products/8f9c8bc0-2686-487b-b4f0-d8f2397646ac_s.png",
    "available": true,
    "discount": 35
  },
  {
    "shop": "RIMI",
    "categories": [
      2,
      2001,
      2001003
    ],
    "productName": "Tostermaize Fazer Ierauga 450g",
    "productPriceOld": {
      "value": 1.99,
      "unit": "€"
    },
    "productPrice": {
      "value": 1.39,
      "unit": "€/gab"
    },
    "productPricePerUnit": {
      "value": 3.09,
      "unit": "€/kg"
    },
    "productPriceWithLoyaltyCard": null,
    "productPricePerUnitWithLoyaltyCard": null,
    "imageUrl": "https://rimibaltic-res.cloudinary.com/image/upload/d_ecommerce:backend-fallback.png/MAT_4000174_PCE_LV",
    "available": true,
    "discount": 30
  },
  {
    "shop": "RIMI",
    "categories": [
      2,
      2001,
      20010012
    ],
    "productName": "Maize Ciabatta tumšā 320g",
    "productPriceOld": null,
    "productPrice": {
      "value": 0.99,
      "unit": "€/gab"
    },
    "productPricePerUnit": {
      "value": 3.09,
      "unit": "€/kg"
    },
    "productPriceWithLoyaltyCard": null,
    "productPricePerUnitWithLoyaltyCard": null,
    "imageUrl": "https://rimibaltic-res.cloudinary.com/image/upload/d_ecommerce:backend-fallback.png/MAT_299585_PCE_LV",
    "available": true,
    "discount": null
  },
  {
    "shop": "RIMI",
    "categories": [
      1,
      1002,
      10010020
    ],
    "productName": "Sula Selection by Rimi ābolu, granātābolu 1l",
    "productPriceOld": null,
    "productPrice": {
      "value": 3.79,
      "unit": "€/gab"
    },
    "productPricePerUnit": {
      "value": 3.79,
      "unit": "€/l"
    },
    "productPriceWithLoyaltyCard": {
      "value": 3.09,
      "unit": "€"
    },
    "productPricePerUnitWithLoyaltyCard": {
      "value": 3.09,
      "unit": "€/l"
    },
    "imageUrl": "https://rimibaltic-res.cloudinary.com/image/upload/d_ecommerce:backend-fallback.png/MAT_811036_PCE_LV",
    "available": true,
    "discount": 18
  },
  {
    "shop": "RIMI",
    "categories": [
      1,
      1001,
      1001005
    ],
    "productName": "Gāz. alkoh. kokteilis G!N greipfrūtu 5% 1l",
    "productPriceOld": null,
    "productPrice": {
      "value": 3.09,
      "unit": "€/gab"
    },
    "productPricePerUnit": {
      "value": 3.09,
      "unit": "€/l"
    },
    "productPriceWithLoyaltyCard": null,
    "productPricePerUnitWithLoyaltyCard": null,
    "imageUrl": "https://rimibaltic-res.cloudinary.com/image/upload/d_ecommerce:backend-fallback.png/MAT_809978_PCE_LV",
    "available": true,
    "discount": null
  },
  {
    "shop": "MAXIMA",
    "categories": [
      1,
      1001,
      1001002
    ],
    "productName": "Sidrs FIZZ PEAR 4,5% 1L D",
    "productPriceOld": null,
    "productPrice": {
      "value": 3.09,
      "unit": "€"
    },
    "productPricePerUnit": {
      "value": 3.09,
      "unit": "€/l"
    },
    "productPriceWithLoyaltyCard": null,
    "productPricePerUnitWithLoyaltyCard": null,
    "imageUrl": "https://cdn.barbora.lv/products/dac5e241-7142-41db-b523-7bd6bfe6ab21_s.png",
    "available": true,
    "discount": null
  },
  {
    "shop": "MAXIMA",
    "categories": [
      1,
      1001,
      1001002
    ],
    "productName": "Sidrs FIZZ STRAWBERRY 4,5% 1L D",
    "productPriceOld": null,
    "productPrice": {
      "value": 3.09,
      "unit": "€"
    },
    "productPricePerUnit": {
      "value": 3.09,
      "unit": "€/l"
    },
    "productPriceWithLoyaltyCard": null,
    "productPricePerUnitWithLoyaltyCard": null,
    "imageUrl": "https://cdn.barbora.lv/products/bcd2eb93-0ef8-47b9-b46b-c8d465556ef6_s.png",
    "available": true,
    "discount": null
  },
  {
    "shop": "RIMI",
    "categories": [
      1,
      1002,
      10010022
    ],
    "productName": "Enerģijas dzēriens Cult Original 0,5l",
    "productPriceOld": null,
    "productPrice": {
      "value": 1.55,
      "unit": "€/gab"
    },
    "productPricePerUnit": {
      "value": 3.1,
      "unit": "€/l"
    },
    "productPriceWithLoyaltyCard": null,
    "productPricePerUnitWithLoyaltyCard": null,
    "imageUrl": "https://rimibaltic-res.cloudinary.com/image/upload/d_ecommerce:backend-fallback.png/MAT_1366863_PCE_LV",
    "available": true,
    "discount": null
  },
  {
    "shop": "RIMI",
    "categories": [
      1,
      1002,
      10010022
    ],
    "productName": "Enerģijas dzēriens Cult Supreme 0,5l",
    "productPriceOld": null,
    "productPrice": {
      "value": 1.55,
      "unit": "€/gab"
    },
    "productPricePerUnit": {
      "value": 3.1,
      "unit": "€/l"
    },
    "productPriceWithLoyaltyCard": null,
    "productPricePerUnitWithLoyaltyCard": null,
    "imageUrl": "https://rimibaltic-res.cloudinary.com/image/upload/d_ecommerce:backend-fallback.png/MAT_1366853_PCE_LV",
    "available": true,
    "discount": null
  },
  {
    "shop": "RIMI",
    "categories": [
      1,
      1002,
      10010021
    ],
    "productName": "Gāz.dzēriens Mountain Dew 0,5L",
    "productPriceOld": null,
    "productPrice": {
      "value": 1.55,
      "unit": "€/gab"
    },
    "productPricePerUnit": {
      "value": 3.1,
      "unit": "€/l"
    },
    "productPriceWithLoyaltyCard": null,
    "productPricePerUnitWithLoyaltyCard": null,
    "imageUrl": "https://rimibaltic-res.cloudinary.com/image/upload/d_ecommerce:backend-fallback.png/MAT_1360379_PCE_LV",
    "available": true,
    "discount": null
  },
  {
    "shop": "RIMI",
    "categories": [
      1,
      1002,
      10010022
    ],
    "productName": "Enerģijas dzēriens Cult Blueberry cake 0,5l",
    "productPriceOld": null,
    "productPrice": {
      "value": 1.55,
      "unit": "€/gab"
    },
    "productPricePerUnit": {
      "value": 3.1,
      "unit": "€/l"
    },
    "productPriceWithLoyaltyCard": null,
    "productPricePerUnitWithLoyaltyCard": null,
    "imageUrl": "https://rimibaltic-res.cloudinary.com/image/upload/d_ecommerce:backend-fallback.png/MAT_1373185_PCE_LV",
    "available": true,
    "discount": null
  },
  {
    "shop": "RIMI",
    "categories": [
      1,
      1002,
      10010022
    ],
    "productName": "Enerģētiskais dzērie. Battery Peachberry 0,5l",
    "productPriceOld": null,
    "productPrice": {
      "value": 1.55,
      "unit": "€/gab"
    },
    "productPricePerUnit": {
      "value": 3.1,
      "unit": "€/l"
    },
    "productPriceWithLoyaltyCard": null,
    "productPricePerUnitWithLoyaltyCard": null,
    "imageUrl": "https://rimibaltic-res.cloudinary.com/image/upload/d_ecommerce:backend-fallback.png/MAT_1371022_PCE_LV",
    "available": true,
    "discount": null
  },
  {
    "shop": "RIMI",
    "categories": [
      1,
      1002,
      10010022
    ],
    "productName": "Enerģijas dz. Cult Energy Dragon Power 500ml",
    "productPriceOld": null,
    "productPrice": {
      "value": 1.55,
      "unit": "€/gab"
    },
    "productPricePerUnit": {
      "value": 3.1,
      "unit": "€/l"
    },
    "productPriceWithLoyaltyCard": null,
    "productPricePerUnitWithLoyaltyCard": null,
    "imageUrl": "https://rimibaltic-res.cloudinary.com/image/upload/d_ecommerce:backend-fallback.png/MAT_1374086_PCE_LV",
    "available": true,
    "discount": null
  },
  {
    "shop": "RIMI",
    "categories": [
      1,
      1002,
      10010022
    ],
    "productName": "Enerģijas dzēriens Cult Juicy Ocean 0,5l",
    "productPriceOld": null,
    "productPrice": {
      "value": 1.55,
      "unit": "€/gab"
    },
    "productPricePerUnit": {
      "value": 3.1,
      "unit": "€/l"
    },
    "productPriceWithLoyaltyCard": null,
    "productPricePerUnitWithLoyaltyCard": null,
    "imageUrl": "https://rimibaltic-res.cloudinary.com/image/upload/d_ecommerce:backend-fallback.png/MAT_1012191_PCE_LV",
    "available": true,
    "discount": null
  },
  {
    "shop": "RIMI",
    "categories": [
      1,
      1002,
      10010022
    ],
    "productName": "Enerģētiskais dzērie. Battery zem. laims 0,5l",
    "productPriceOld": null,
    "productPrice": {
      "value": 1.55,
      "unit": "€/gab"
    },
    "productPricePerUnit": {
      "value": 3.1,
      "unit": "€/l"
    },
    "productPriceWithLoyaltyCard": null,
    "productPricePerUnitWithLoyaltyCard": null,
    "imageUrl": "https://rimibaltic-res.cloudinary.com/image/upload/d_ecommerce:backend-fallback.png/MAT_1371016_PCE_LV",
    "available": true,
    "discount": null
  },
  {
    "shop": "RIMI",
    "categories": [
      1,
      1002,
      10010022
    ],
    "productName": "Enerģētiskais dzēriens Battery 0,5l",
    "productPriceOld": null,
    "productPrice": {
      "value": 1.55,
      "unit": "€/gab"
    },
    "productPricePerUnit": {
      "value": 3.1,
      "unit": "€/l"
    },
    "productPriceWithLoyaltyCard": null,
    "productPricePerUnitWithLoyaltyCard": null,
    "imageUrl": "https://rimibaltic-res.cloudinary.com/image/upload/d_ecommerce:backend-fallback.png/MAT_1369149_PCE_LV",
    "available": true,
    "discount": null
  },
  {
    "shop": "RIMI",
    "categories": [
      1,
      1002,
      10010022
    ],
    "productName": "Enerģijas dzēr. Cult Energy Anime Ice 500ml",
    "productPriceOld": null,
    "productPrice": {
      "value": 1.55,
      "unit": "€/gab"
    },
    "productPricePerUnit": {
      "value": 3.1,
      "unit": "€/l"
    },
    "productPriceWithLoyaltyCard": null,
    "productPricePerUnitWithLoyaltyCard": null,
    "imageUrl": "https://rimibaltic-res.cloudinary.com/image/upload/d_ecommerce:backend-fallback.png/MAT_1374109_PCE_LV",
    "available": true,
    "discount": null
  },
  {
    "shop": "RIMI",
    "categories": [
      1,
      1001,
      1001001
    ],
    "productName": "Alus Tērvetes senču 4,5% 0,5l",
    "productPriceOld": null,
    "productPrice": {
      "value": 1.55,
      "unit": "€/gab"
    },
    "productPricePerUnit": {
      "value": 3.1,
      "unit": "€/l"
    },
    "productPriceWithLoyaltyCard": null,
    "productPricePerUnitWithLoyaltyCard": null,
    "imageUrl": "https://rimibaltic-res.cloudinary.com/image/upload/d_ecommerce:backend-fallback.png/MAT_461949_PCE_LV",
    "available": true,
    "discount": null
  },
  {
    "shop": "RIMI",
    "categories": [
      1,
      1001,
      1001002
    ],
    "productName": "Sidrs Lielvārdes Upeņu 4,8% 0,5l",
    "productPriceOld": null,
    "productPrice": {
      "value": 2.05,
      "unit": "€/gab"
    },
    "productPricePerUnit": {
      "value": 4.1,
      "unit": "€/l"
    },
    "productPriceWithLoyaltyCard": {
      "value": 1.55,
      "unit": "€"
    },
    "productPricePerUnitWithLoyaltyCard": {
      "value": 3.1,
      "unit": "€/l"
    },
    "imageUrl": "https://rimibaltic-res.cloudinary.com/image/upload/d_ecommerce:backend-fallback.png/MAT_1374542_PCE_LV",
    "available": true,
    "discount": 24
  },
  {
    "shop": "RIMI",
    "categories": [
      1,
      1001,
      1001002
    ],
    "productName": "Sidrs Lielvārdes Bumbieru 4,8% 0,5l",
    "productPriceOld": null,
    "productPrice": {
      "value": 2.05,
      "unit": "€/gab"
    },
    "productPricePerUnit": {
      "value": 4.1,
      "unit": "€/l"
    },
    "productPriceWithLoyaltyCard": {
      "value": 1.55,
      "unit": "€"
    },
    "productPricePerUnitWithLoyaltyCard": {
      "value": 3.1,
      "unit": "€/l"
    },
    "imageUrl": "https://rimibaltic-res.cloudinary.com/image/upload/d_ecommerce:backend-fallback.png/MAT_1374533_PCE_LV",
    "available": true,
    "discount": 24
  },
  {
    "shop": "RIMI",
    "categories": [
      1,
      1001,
      1001001
    ],
    "productName": "Alus Zelta Radler ar greipfrūtu garšu 2% 0,5l",
    "productPriceOld": null,
    "productPrice": {
      "value": 1.55,
      "unit": "€/gab"
    },
    "productPricePerUnit": {
      "value": 3.1,
      "unit": "€/l"
    },
    "productPriceWithLoyaltyCard": null,
    "productPricePerUnitWithLoyaltyCard": null,
    "imageUrl": "https://rimibaltic-res.cloudinary.com/image/upload/d_ecommerce:backend-fallback.png/MAT_1355815_PCE_LV",
    "available": true,
    "discount": null
  },
  {
    "shop": "RIMI",
    "categories": [
      1,
      1001,
      1001001
    ],
    "productName": "Alus Cēsu gaišais, bundžā 4,2% 0,5l",
    "productPriceOld": null,
    "productPrice": {
      "value": 1.55,
      "unit": "€/gab"
    },
    "productPricePerUnit": {
      "value": 3.1,
      "unit": "€/l"
    },
    "productPriceWithLoyaltyCard": null,
    "productPricePerUnitWithLoyaltyCard": null,
    "imageUrl": "https://rimibaltic-res.cloudinary.com/image/upload/d_ecommerce:backend-fallback.png/MAT_645913_PCE_LV",
    "available": true,
    "discount": null
  },
  {
    "shop": "RIMI",
    "categories": [
      1,
      1001,
      1001001
    ],
    "productName": "Alus Radler Watermelon 2,5% 0,5l",
    "productPriceOld": null,
    "productPrice": {
      "value": 1.55,
      "unit": "€/gab"
    },
    "productPricePerUnit": {
      "value": 3.1,
      "unit": "€/l"
    },
    "productPriceWithLoyaltyCard": null,
    "productPricePerUnitWithLoyaltyCard": null,
    "imageUrl": "https://rimibaltic-res.cloudinary.com/image/upload/d_ecommerce:backend-fallback.png/MAT_1364170_PCE_LV",
    "available": true,
    "discount": null
  },
  {
    "shop": "RIMI",
    "categories": [
      1,
      1001,
      1001001
    ],
    "productName": "Alus Radler Watermelon 2,5% 0,5l",
    "productPriceOld": null,
    "productPrice": {
      "value": 1.55,
      "unit": "€/gab"
    },
    "productPricePerUnit": {
      "value": 3.1,
      "unit": "€/l"
    },
    "productPriceWithLoyaltyCard": null,
    "productPricePerUnitWithLoyaltyCard": null,
    "imageUrl": "https://rimibaltic-res.cloudinary.com/image/upload/d_ecommerce:backend-fallback.png/MAT_1364170_PCE_LV",
    "available": true,
    "discount": null
  },
  {
    "shop": "RIMI",
    "categories": [
      1,
      1001,
      1001001
    ],
    "productName": "Alus Cēsu Radler zemeņu 2,5% 0,5l",
    "productPriceOld": null,
    "productPrice": {
      "value": 1.55,
      "unit": "€/gab"
    },
    "productPricePerUnit": {
      "value": 3.1,
      "unit": "€/l"
    },
    "productPriceWithLoyaltyCard": null,
    "productPricePerUnitWithLoyaltyCard": null,
    "imageUrl": "https://rimibaltic-res.cloudinary.com/image/upload/d_ecommerce:backend-fallback.png/MAT_1358238_PCE_LV",
    "available": true,
    "discount": null
  },
  {
    "shop": "RIMI",
    "categories": [
      1,
      1001,
      1001001
    ],
    "productName": "Alus Cēsu Radler Mojito 2,5% 0,5l",
    "productPriceOld": null,
    "productPrice": {
      "value": 1.55,
      "unit": "€/gab"
    },
    "productPricePerUnit": {
      "value": 3.1,
      "unit": "€/l"
    },
    "productPriceWithLoyaltyCard": null,
    "productPricePerUnitWithLoyaltyCard": null,
    "imageUrl": "https://rimibaltic-res.cloudinary.com/image/upload/d_ecommerce:backend-fallback.png/MAT_1368826_PCE_LV",
    "available": true,
    "discount": null
  },
  {
    "shop": "RIMI",
    "categories": [
      1,
      1001,
      1001001
    ],
    "productName": "Alus Cēsu Light 4,2% 0,5l",
    "productPriceOld": null,
    "productPrice": {
      "value": 1.55,
      "unit": "€/gab"
    },
    "productPricePerUnit": {
      "value": 3.1,
      "unit": "€/l"
    },
    "productPriceWithLoyaltyCard": null,
    "productPricePerUnitWithLoyaltyCard": null,
    "imageUrl": "https://rimibaltic-res.cloudinary.com/image/upload/d_ecommerce:backend-fallback.png/MAT_458830_PCE_LV",
    "available": true,
    "discount": null
  },
  {
    "shop": "RIMI",
    "categories": [
      1,
      1001,
      1001001
    ],
    "productName": "Alus Brūveris Luxury 5,2% 0,5l",
    "productPriceOld": null,
    "productPrice": {
      "value": 1.75,
      "unit": "€/gab"
    },
    "productPricePerUnit": {
      "value": 3.5,
      "unit": "€/l"
    },
    "productPriceWithLoyaltyCard": {
      "value": 1.55,
      "unit": "€"
    },
    "productPricePerUnitWithLoyaltyCard": {
      "value": 3.1,
      "unit": "€/l"
    },
    "imageUrl": "https://rimibaltic-res.cloudinary.com/image/upload/d_ecommerce:backend-fallback.png/MAT_1352613_PCE_LV",
    "available": true,
    "discount": 11
  },
  {
    "shop": "RIMI",
    "categories": [
      1,
      1001,
      1001001
    ],
    "productName": "Alus Brūveris Luxury 5,2% 0,5l",
    "productPriceOld": null,
    "productPrice": {
      "value": 1.75,
      "unit": "€/gab"
    },
    "productPricePerUnit": {
      "value": 3.5,
      "unit": "€/l"
    },
    "productPriceWithLoyaltyCard": {
      "value": 1.55,
      "unit": "€"
    },
    "productPricePerUnitWithLoyaltyCard": {
      "value": 3.1,
      "unit": "€/l"
    },
    "imageUrl": "https://rimibaltic-res.cloudinary.com/image/upload/d_ecommerce:backend-fallback.png/MAT_1352613_PCE_LV",
    "available": true,
    "discount": 11
  },
  {
    "shop": "MAXIMA",
    "categories": [
      1,
      1002,
      10010021
    ],
    "productName": "Gāzēts dzēriens MOUNTAIN DEW 500ml D",
    "productPriceOld": null,
    "productPrice": {
      "value": 1.55,
      "unit": "€"
    },
    "productPricePerUnit": {
      "value": 3.1,
      "unit": "€/l"
    },
    "productPriceWithLoyaltyCard": null,
    "productPricePerUnitWithLoyaltyCard": null,
    "imageUrl": "https://cdn.barbora.lv/products/10af6c20-0497-48b3-98a6-70ab18d4a5ce_s.png",
    "available": true,
    "discount": null
  },
  {
    "shop": "CITRO",
    "categories": [
      1,
      1001,
      1001001
    ],
    "productName": "ALUS CĒSU MĪTAVA 5% 0.5L STIKLS",
    "productPriceOld": null,
    "productPrice": null,
    "productPricePerUnit": {
      "value": 3.1,
      "unit": "€/L"
    },
    "productPriceWithLoyaltyCard": null,
    "productPricePerUnitWithLoyaltyCard": null,
    "imageUrl": "https://rezekne.citro.lv/wp-content/uploads/2022/04/4750142004447-300x300.jpg",
    "available": true,
    "discount": null
  },
  {
    "shop": "CITRO",
    "categories": [
      1,
      1001,
      1001001
    ],
    "productName": "ALUS ALDARIS MEŽPILS SENČU 4.5% 0.5L STIKLS",
    "productPriceOld": null,
    "productPrice": null,
    "productPricePerUnit": {
      "value": 3.1,
      "unit": "€/L"
    },
    "productPriceWithLoyaltyCard": null,
    "productPricePerUnitWithLoyaltyCard": null,
    "imageUrl": "https://rezekne.citro.lv/wp-content/uploads/2022/05/4750049002287-300x300.jpg",
    "available": true,
    "discount": null
  },
  {
    "shop": "MAXIMA",
    "categories": [
      1,
      1002,
      10010027
    ],
    "productName": "Morss VERY BERRY aveņu 2,25L",
    "productPriceOld": null,
    "productPrice": {
      "value": 6.99,
      "unit": "€"
    },
    "productPricePerUnit": {
      "value": 3.11,
      "unit": "€/l"
    },
    "productPriceWithLoyaltyCard": null,
    "productPricePerUnitWithLoyaltyCard": null,
    "imageUrl": "https://cdn.barbora.lv/products/5503a32f-a980-4708-9b4f-18e5cdc41770_s.png",
    "available": true,
    "discount": null
  },
  {
    "shop": "MAXIMA",
    "categories": [
      2,
      2001,
      2001003
    ],
    "productName": "Rudzu tostermaize Mini Gardā FAZER 350g",
    "productPriceOld": null,
    "productPrice": {
      "value": 1.09,
      "unit": "€"
    },
    "productPricePerUnit": {
      "value": 3.11,
      "unit": "€/kg"
    },
    "productPriceWithLoyaltyCard": null,
    "productPricePerUnitWithLoyaltyCard": null,
    "imageUrl": "https://cdn.barbora.lv/products/2a9ae78d-3e6f-48df-a8b6-6dfb9d4f00bb_s.png",
    "available": true,
    "discount": null
  },
  {
    "shop": "MAXIMA",
    "categories": [
      1,
      1001,
      1001001
    ],
    "productName": "Alus LĀČPLĒSIS izturēts 5,1%0,568L sk.D",
    "productPriceOld": null,
    "productPrice": {
      "value": 1.78,
      "unit": "€"
    },
    "productPricePerUnit": {
      "value": 3.13,
      "unit": "€/l"
    },
    "productPriceWithLoyaltyCard": null,
    "productPricePerUnitWithLoyaltyCard": null,
    "imageUrl": "https://cdn.barbora.lv/products/915a602e-2ec1-432e-886f-063cebfbd759_s.png",
    "available": true,
    "discount": null
  },
  {
    "shop": "MAXIMA",
    "categories": [
      2,
      2001,
      20010011
    ],
    "productName": "Sēklu formas maize KURŠU 600g",
    "productPriceOld": {
      "value": 2.35,
      "unit": "€"
    },
    "productPrice": {
      "value": 1.88,
      "unit": "€"
    },
    "productPricePerUnit": {
      "value": 3.14,
      "unit": "€/kg"
    },
    "productPriceWithLoyaltyCard": null,
    "productPricePerUnitWithLoyaltyCard": null,
    "imageUrl": "https://cdn.barbora.lv/products/338d17b3-603a-4505-82a8-1b763d779f8e_s.png",
    "available": true,
    "discount": 20
  },
  {
    "shop": "RIMI",
    "categories": [
      2,
      2001,
      20010011
    ],
    "productName": "Formas maize Kuršu ar sēklām 600g",
    "productPriceOld": {
      "value": 2.35,
      "unit": "€"
    },
    "productPrice": {
      "value": 1.89,
      "unit": "€/gab"
    },
    "productPricePerUnit": {
      "value": 3.15,
      "unit": "€/kg"
    },
    "productPriceWithLoyaltyCard": null,
    "productPricePerUnitWithLoyaltyCard": null,
    "imageUrl": "https://rimibaltic-res.cloudinary.com/image/upload/d_ecommerce:backend-fallback.png/MAT_917164_PCE_LV",
    "available": true,
    "discount": 20
  },
  {
    "shop": "RIMI",
    "categories": [
      1,
      1001,
      1001001
    ],
    "productName": "Alus Bauskas gaišais 4,8% PET 1l",
    "productPriceOld": null,
    "productPrice": {
      "value": 3.15,
      "unit": "€/gab"
    },
    "productPricePerUnit": {
      "value": 3.15,
      "unit": "€/l"
    },
    "productPriceWithLoyaltyCard": null,
    "productPricePerUnitWithLoyaltyCard": null,
    "imageUrl": "https://rimibaltic-res.cloudinary.com/image/upload/d_ecommerce:backend-fallback.png/MAT_459068_PCE_LV",
    "available": true,
    "discount": null
  },
  {
    "shop": "MAXIMA",
    "categories": [
      1,
      1002,
      10010020
    ],
    "productName": "Sulas dzēr.TYMBARK āb.aron.ķirš.zem.0,2L",
    "productPriceOld": null,
    "productPrice": {
      "value": 0.63,
      "unit": "€"
    },
    "productPricePerUnit": {
      "value": 3.15,
      "unit": "€/l"
    },
    "productPriceWithLoyaltyCard": null,
    "productPricePerUnitWithLoyaltyCard": null,
    "imageUrl": "https://cdn.barbora.lv/products/d595c646-ef14-42ad-9b52-b93b11715dc9_s.png",
    "available": true,
    "discount": null
  },
  {
    "shop": "MAXIMA",
    "categories": [
      1,
      1002,
      10010021
    ],
    "productName": "Gāz.dz.MAISON PERRIER citr.guava 0,25L D",
    "productPriceOld": {
      "value": 1.39,
      "unit": "€"
    },
    "productPrice": {
      "value": 1.39,
      "unit": "€"
    },
    "productPricePerUnit": {
      "value": 5.56,
      "unit": "€/l"
    },
    "productPriceWithLoyaltyCard": {
      "value": 0.79,
      "unit": "€"
    },
    "productPricePerUnitWithLoyaltyCard": {
      "value": 3.16,
      "unit": "€/l"
    },
    "imageUrl": "https://cdn.barbora.lv/products/d20ac841-e628-4913-a287-b15da66c5336_s.png",
    "available": true,
    "discount": 43
  },
  {
    "shop": "MAXIMA",
    "categories": [
      1,
      1002,
      10010021
    ],
    "productName": "Gāz.dz.MAISON PERRIER anan.mango 0,25L D",
    "productPriceOld": {
      "value": 1.39,
      "unit": "€"
    },
    "productPrice": {
      "value": 1.39,
      "unit": "€"
    },
    "productPricePerUnit": {
      "value": 5.56,
      "unit": "€/l"
    },
    "productPriceWithLoyaltyCard": {
      "value": 0.79,
      "unit": "€"
    },
    "productPricePerUnitWithLoyaltyCard": {
      "value": 3.16,
      "unit": "€/l"
    },
    "imageUrl": "https://cdn.barbora.lv/products/94b9948d-d1cb-41e3-ba17-5662e3c9e409_s.png",
    "available": true,
    "discount": 43
  },
  {
    "shop": "MAXIMA",
    "categories": [
      1,
      1002,
      10010021
    ],
    "productName": "Gāz.dz.MAISON PERRIER pers.ķirši 0,25L D",
    "productPriceOld": {
      "value": 1.39,
      "unit": "€"
    },
    "productPrice": {
      "value": 1.39,
      "unit": "€"
    },
    "productPricePerUnit": {
      "value": 5.56,
      "unit": "€/l"
    },
    "productPriceWithLoyaltyCard": {
      "value": 0.79,
      "unit": "€"
    },
    "productPricePerUnitWithLoyaltyCard": {
      "value": 3.16,
      "unit": "€/l"
    },
    "imageUrl": "https://cdn.barbora.lv/products/721fc17b-4417-4900-86b9-465d899efb6a_s.png",
    "available": true,
    "discount": 43
  },
  {
    "shop": "MAXIMA",
    "categories": [
      2,
      2001,
      2001002
    ],
    "productName": "Baltmaize FAZER ar kefīru un kalciju 350g",
    "productPriceOld": {
      "value": 1.39,
      "unit": "€"
    },
    "productPrice": {
      "value": 1.11,
      "unit": "€"
    },
    "productPricePerUnit": {
      "value": 3.17,
      "unit": "€/kg"
    },
    "productPriceWithLoyaltyCard": null,
    "productPricePerUnitWithLoyaltyCard": null,
    "imageUrl": "https://cdn.barbora.lv/products/bd4300e0-76d0-44fe-b5a3-5431b83f8940_s.png",
    "available": true,
    "discount": 20
  },
  {
    "shop": "RIMI",
    "categories": [
      2,
      2001,
      2001002
    ],
    "productName": "Kefīra maize Lielmaize 500g",
    "productPriceOld": {
      "value": 1.99,
      "unit": "€"
    },
    "productPrice": {
      "value": 1.59,
      "unit": "€/gab"
    },
    "productPricePerUnit": {
      "value": 3.18,
      "unit": "€/kg"
    },
    "productPriceWithLoyaltyCard": null,
    "productPricePerUnitWithLoyaltyCard": null,
    "imageUrl": "https://rimibaltic-res.cloudinary.com/image/upload/d_ecommerce:backend-fallback.png/MAT_978823_PCE_LV",
    "available": true,
    "discount": 20
  },
  {
    "shop": "RIMI",
    "categories": [
      2,
      2001,
      2001002
    ],
    "productName": "Baltmaize Lielā galda sagriezta 500g",
    "productPriceOld": null,
    "productPrice": {
      "value": 1.59,
      "unit": "€/gab"
    },
    "productPricePerUnit": {
      "value": 3.18,
      "unit": "€/kg"
    },
    "productPriceWithLoyaltyCard": null,
    "productPricePerUnitWithLoyaltyCard": null,
    "imageUrl": "https://rimibaltic-res.cloudinary.com/image/upload/d_ecommerce:backend-fallback.png/MAT_279780_PCE_LV",
    "available": true,
    "discount": null
  },
  {
    "shop": "RIMI",
    "categories": [
      2,
      2001,
      2001004
    ],
    "productName": "Rudzu maize Fazer Iesala 500g",
    "productPriceOld": {
      "value": 2.19,
      "unit": "€"
    },
    "productPrice": {
      "value": 1.59,
      "unit": "€/gab"
    },
    "productPricePerUnit": {
      "value": 3.18,
      "unit": "€/kg"
    },
    "productPriceWithLoyaltyCard": null,
    "productPricePerUnitWithLoyaltyCard": null,
    "imageUrl": "https://rimibaltic-res.cloudinary.com/image/upload/d_ecommerce:backend-fallback.png/MAT_925770_PCE_LV",
    "available": true,
    "discount": 27
  },
  {
    "shop": "RIMI",
    "productName": "Maize Gardmaize senču, ar ķimenēm 500g",
    "productPriceOld": {
      "value": 2.23,
      "unit": "€"
    },
    "productPrice": {
      "value": 1.59,
      "unit": "€/gab"
    },
    "productPricePerUnit": {
      "value": 3.18,
      "unit": "€/kg"
    },
    "productPriceWithLoyaltyCard": null,
    "productPricePerUnitWithLoyaltyCard": null,
    "imageUrl": "https://rimibaltic-res.cloudinary.com/image/upload/d_ecommerce:backend-fallback.png/MAT_4005735_PCE_LV",
    "available": true,
    "discount": 29,
    "categories": [
      2,
      2001,
      20010014
    ]
  },
  {
    "shop": "RIMI",
    "categories": [
      2,
      2001,
      20010014
    ],
    "productName": "Maize Gardmaize liepu, ar medu 500g",
    "productPriceOld": {
      "value": 2.23,
      "unit": "€"
    },
    "productPrice": {
      "value": 1.59,
      "unit": "€/gab"
    },
    "productPricePerUnit": {
      "value": 3.18,
      "unit": "€/kg"
    },
    "productPriceWithLoyaltyCard": null,
    "productPricePerUnitWithLoyaltyCard": null,
    "imageUrl": "https://rimibaltic-res.cloudinary.com/image/upload/d_ecommerce:backend-fallback.png/MAT_4005761_PCE_LV",
    "available": true,
    "discount": 29
  },
  {
    "shop": "RIMI",
    "categories": [
      1,
      1002,
      10010024
    ],
    "productName": "Sodas ūdens Royal Club 0,33l",
    "productPriceOld": null,
    "productPrice": {
      "value": 1.05,
      "unit": "€/gab"
    },
    "productPricePerUnit": {
      "value": 3.18,
      "unit": "€/l"
    },
    "productPriceWithLoyaltyCard": null,
    "productPricePerUnitWithLoyaltyCard": null,
    "imageUrl": "https://rimibaltic-res.cloudinary.com/image/upload/d_ecommerce:backend-fallback.png/MAT_1351880_PCE_LV",
    "available": true,
    "discount": null
  },
  {
    "shop": "RIMI",
    "categories": [
      1,
      1002,
      10010023
    ],
    "productName": "Kvass Brūveris klasiskais 0,5l",
    "productPriceOld": null,
    "productPrice": {
      "value": 1.59,
      "unit": "€/gab"
    },
    "productPricePerUnit": {
      "value": 3.18,
      "unit": "€/l"
    },
    "productPriceWithLoyaltyCard": null,
    "productPricePerUnitWithLoyaltyCard": null,
    "imageUrl": "https://rimibaltic-res.cloudinary.com/image/upload/d_ecommerce:backend-fallback.png/MAT_133989_PCE_LV",
    "available": true,
    "discount": null
  },
  {
    "shop": "RIMI",
    "categories": [
      1,
      1003,
      1003005
    ],
    "productName": "Bezalk. dzēr. Dārza limonāde cidoniju 0,5l",
    "productPriceOld": null,
    "productPrice": {
      "value": 1.59,
      "unit": "€/gab"
    },
    "productPricePerUnit": {
      "value": 3.18,
      "unit": "€/l"
    },
    "productPriceWithLoyaltyCard": null,
    "productPricePerUnitWithLoyaltyCard": null,
    "imageUrl": "https://rimibaltic-res.cloudinary.com/image/upload/d_ecommerce:backend-fallback.png/MAT_1369346_PCE_LV",
    "available": true,
    "discount": null
  },
  {
    "shop": "RIMI",
    "categories": [
      1,
      1002,
      10010021
    ],
    "productName": "Limonāde Bauskas Alus Cidoniju 0,5l",
    "productPriceOld": null,
    "productPrice": {
      "value": 2.29,
      "unit": "€/gab"
    },
    "productPricePerUnit": {
      "value": 4.58,
      "unit": "€/l"
    },
    "productPriceWithLoyaltyCard": {
      "value": 1.59,
      "unit": "€"
    },
    "productPricePerUnitWithLoyaltyCard": {
      "value": 3.18,
      "unit": "€/l"
    },
    "imageUrl": "https://rimibaltic-res.cloudinary.com/image/upload/d_ecommerce:backend-fallback.png/MAT_1373260_PCE_LV",
    "available": true,
    "discount": 31
  },
  {
    "shop": "RIMI",
    "categories": [
      1,
      1002,
      10010021
    ],
    "productName": "Limonāde Bauskas Alus Upeņu 0,5l",
    "productPriceOld": null,
    "productPrice": {
      "value": 2.29,
      "unit": "€/gab"
    },
    "productPricePerUnit": {
      "value": 4.58,
      "unit": "€/l"
    },
    "productPriceWithLoyaltyCard": {
      "value": 1.59,
      "unit": "€"
    },
    "productPricePerUnitWithLoyaltyCard": {
      "value": 3.18,
      "unit": "€/l"
    },
    "imageUrl": "https://rimibaltic-res.cloudinary.com/image/upload/d_ecommerce:backend-fallback.png/MAT_1373248_PCE_LV",
    "available": true,
    "discount": 31
  },
  {
    "shop": "RIMI",
    "categories": [
      1,
      1002,
      10010021
    ],
    "productName": "Limonāde Bauskas Alus Rabarberu 0,5l",
    "productPriceOld": null,
    "productPrice": {
      "value": 2.29,
      "unit": "€/gab"
    },
    "productPricePerUnit": {
      "value": 4.58,
      "unit": "€/l"
    },
    "productPriceWithLoyaltyCard": {
      "value": 1.59,
      "unit": "€"
    },
    "productPricePerUnitWithLoyaltyCard": {
      "value": 3.18,
      "unit": "€/l"
    },
    "imageUrl": "https://rimibaltic-res.cloudinary.com/image/upload/d_ecommerce:backend-fallback.png/MAT_1373249_PCE_LV",
    "available": true,
    "discount": 31
  },
  {
    "shop": "RIMI",
    "categories": [
      1,
      1001,
      1001001
    ],
    "productName": "Alus Madonas nefiltrēts 5,6% 0,5l",
    "productPriceOld": null,
    "productPrice": {
      "value": 2.39,
      "unit": "€/gab"
    },
    "productPricePerUnit": {
      "value": 4.78,
      "unit": "€/l"
    },
    "productPriceWithLoyaltyCard": {
      "value": 1.59,
      "unit": "€"
    },
    "productPricePerUnitWithLoyaltyCard": {
      "value": 3.18,
      "unit": "€/l"
    },
    "imageUrl": "https://rimibaltic-res.cloudinary.com/image/upload/d_ecommerce:backend-fallback.png/MAT_1362136_PCE_LV",
    "available": true,
    "discount": 33
  },
  {
    "shop": "RIMI",
    "categories": [
      1,
      1001,
      1001001
    ],
    "productName": "Alus Grimbergen Blonde 6,7% 0,5l",
    "productPriceOld": null,
    "productPrice": {
      "value": 2.29,
      "unit": "€/gab"
    },
    "productPricePerUnit": {
      "value": 4.58,
      "unit": "€/l"
    },
    "productPriceWithLoyaltyCard": {
      "value": 1.59,
      "unit": "€"
    },
    "productPricePerUnitWithLoyaltyCard": {
      "value": 3.18,
      "unit": "€/l"
    },
    "imageUrl": "https://rimibaltic-res.cloudinary.com/image/upload/d_ecommerce:backend-fallback.png/MAT_1359512_PCE_LV",
    "available": true,
    "discount": 31
  },
  {
    "shop": "RIMI",
    "categories": [
      1,
      1001,
      1001001
    ],
    "productName": "Alus Grimbergen Dubble Ambree 6,5% 0,5l",
    "productPriceOld": null,
    "productPrice": {
      "value": 2.29,
      "unit": "€/gab"
    },
    "productPricePerUnit": {
      "value": 4.58,
      "unit": "€/l"
    },
    "productPriceWithLoyaltyCard": {
      "value": 1.59,
      "unit": "€"
    },
    "productPricePerUnitWithLoyaltyCard": {
      "value": 3.18,
      "unit": "€/l"
    },
    "imageUrl": "https://rimibaltic-res.cloudinary.com/image/upload/d_ecommerce:backend-fallback.png/MAT_1362137_PCE_LV",
    "available": true,
    "discount": 31
  },
  {
    "shop": "RIMI",
    "categories": [
      1,
      1001,
      1001005
    ],
    "productName": "Alkoh. kokteilis Garage Hard Lemon 4% 0,5l",
    "productPriceOld": null,
    "productPrice": {
      "value": 2.25,
      "unit": "€/gab"
    },
    "productPricePerUnit": {
      "value": 4.5,
      "unit": "€/l"
    },
    "productPriceWithLoyaltyCard": {
      "value": 1.59,
      "unit": "€"
    },
    "productPricePerUnitWithLoyaltyCard": {
      "value": 3.18,
      "unit": "€/l"
    },
    "imageUrl": "https://rimibaltic-res.cloudinary.com/image/upload/d_ecommerce:backend-fallback.png/MAT_1364404_PCE_LV",
    "available": true,
    "discount": 29
  },
  {
    "shop": "RIMI",
    "categories": [
      1,
      1001,
      1001001
    ],
    "productName": "Alus Grimbergen Rouge Int 5,5% 0,5l",
    "productPriceOld": null,
    "productPrice": {
      "value": 2.29,
      "unit": "€/gab"
    },
    "productPricePerUnit": {
      "value": 4.58,
      "unit": "€/l"
    },
    "productPriceWithLoyaltyCard": {
      "value": 1.59,
      "unit": "€"
    },
    "productPricePerUnitWithLoyaltyCard": {
      "value": 3.18,
      "unit": "€/l"
    },
    "imageUrl": "https://rimibaltic-res.cloudinary.com/image/upload/d_ecommerce:backend-fallback.png/MAT_1371857_PCE_LV",
    "available": true,
    "discount": 31
  },
  {
    "shop": "RIMI",
    "categories": [
      1,
      1001,
      1001001
    ],
    "productName": "Alus Lielvārdes upeņu stauts 5,4% 0,5l",
    "productPriceOld": null,
    "productPrice": {
      "value": 2.39,
      "unit": "€/gab"
    },
    "productPricePerUnit": {
      "value": 4.78,
      "unit": "€/l"
    },
    "productPriceWithLoyaltyCard": {
      "value": 1.59,
      "unit": "€"
    },
    "productPricePerUnitWithLoyaltyCard": {
      "value": 3.18,
      "unit": "€/l"
    },
    "imageUrl": "https://rimibaltic-res.cloudinary.com/image/upload/d_ecommerce:backend-fallback.png/MAT_1375024_PCE_LV",
    "available": true,
    "discount": 33
  },
  {
    "shop": "RIMI",
    "categories": [
      1,
      1001,
      1001001
    ],
    "productName": "Alus Lielvārdes ķiršu 5% 0,5l",
    "productPriceOld": null,
    "productPrice": {
      "value": 2.39,
      "unit": "€/gab"
    },
    "productPricePerUnit": {
      "value": 4.78,
      "unit": "€/l"
    },
    "productPriceWithLoyaltyCard": {
      "value": 1.59,
      "unit": "€"
    },
    "productPricePerUnitWithLoyaltyCard": {
      "value": 3.18,
      "unit": "€/l"
    },
    "imageUrl": "https://rimibaltic-res.cloudinary.com/image/upload/d_ecommerce:backend-fallback.png/MAT_1358669_PCE_LV",
    "available": true,
    "discount": 33
  },
  {
    "shop": "RIMI",
    "categories": [
      1,
      1001,
      1001005
    ],
    "productName": "Alk. kokteilis Garage Hard Tropical 6,0% 0,5l",
    "productPriceOld": null,
    "productPrice": {
      "value": 2.35,
      "unit": "€/gab"
    },
    "productPricePerUnit": {
      "value": 4.7,
      "unit": "€/l"
    },
    "productPriceWithLoyaltyCard": {
      "value": 1.59,
      "unit": "€"
    },
    "productPricePerUnitWithLoyaltyCard": {
      "value": 3.18,
      "unit": "€/l"
    },
    "imageUrl": "https://rimibaltic-res.cloudinary.com/image/upload/d_ecommerce:backend-fallback.png/MAT_1374232_PCE_LV",
    "available": true,
    "discount": 32
  },
  {
    "shop": "RIMI",
    "categories": [
      1,
      1001,
      1001001
    ],
    "productName": "Alus Staropramen nefiltrēts 5% 0,5l",
    "productPriceOld": null,
    "productPrice": {
      "value": 1.85,
      "unit": "€/gab"
    },
    "productPricePerUnit": {
      "value": 3.7,
      "unit": "€/l"
    },
    "productPriceWithLoyaltyCard": {
      "value": 1.59,
      "unit": "€"
    },
    "productPricePerUnitWithLoyaltyCard": {
      "value": 3.18,
      "unit": "€/l"
    },
    "imageUrl": "https://rimibaltic-res.cloudinary.com/image/upload/d_ecommerce:backend-fallback.png/MAT_1373145_PCE_LV",
    "available": true,
    "discount": 14
  },
  {
    "shop": "RIMI",
    "categories": [
      1,
      1001,
      1001001
    ],
    "productName": "Alus Brūveris medus 4,5% 0,5l",
    "productPriceOld": null,
    "productPrice": {
      "value": 1.79,
      "unit": "€/gab"
    },
    "productPricePerUnit": {
      "value": 3.58,
      "unit": "€/l"
    },
    "productPriceWithLoyaltyCard": {
      "value": 1.59,
      "unit": "€"
    },
    "productPricePerUnitWithLoyaltyCard": {
      "value": 3.18,
      "unit": "€/l"
    },
    "imageUrl": "https://rimibaltic-res.cloudinary.com/image/upload/d_ecommerce:backend-fallback.png/MAT_1355596_PCE_LV",
    "available": true,
    "discount": 11
  },
  {
    "shop": "RIMI",
    "categories": [
      1,
      1001,
      1001001
    ],
    "productName": "Alus Baltalus 4,5% 0,5l",
    "productPriceOld": null,
    "productPrice": {
      "value": 1.59,
      "unit": "€/gab"
    },
    "productPricePerUnit": {
      "value": 3.18,
      "unit": "€/l"
    },
    "productPriceWithLoyaltyCard": null,
    "productPricePerUnitWithLoyaltyCard": null,
    "imageUrl": "https://rimibaltic-res.cloudinary.com/image/upload/d_ecommerce:backend-fallback.png/MAT_1356781_PCE_LV",
    "available": true,
    "discount": null
  },
  {
    "shop": "RIMI",
    "categories": [
      1,
      1001,
      1001001
    ],
    "productName": "Alus Brūveris Premium 5,6% 0,5l",
    "productPriceOld": null,
    "productPrice": {
      "value": 1.79,
      "unit": "€/gab"
    },
    "productPricePerUnit": {
      "value": 3.58,
      "unit": "€/l"
    },
    "productPriceWithLoyaltyCard": {
      "value": 1.59,
      "unit": "€"
    },
    "productPricePerUnitWithLoyaltyCard": {
      "value": 3.18,
      "unit": "€/l"
    },
    "imageUrl": "https://rimibaltic-res.cloudinary.com/image/upload/d_ecommerce:backend-fallback.png/MAT_1365268_PCE_LV",
    "available": true,
    "discount": 11
  },
  {
    "shop": "RIMI",
    "categories": [
      1,
      1001,
      1001001
    ],
    "productName": "Alus Beerville kviešu 4,6% 0,5l",
    "productPriceOld": {
      "value": 1.95,
      "unit": "€"
    },
    "productPrice": {
      "value": 1.59,
      "unit": "€/gab"
    },
    "productPricePerUnit": {
      "value": 3.18,
      "unit": "€/l"
    },
    "productPriceWithLoyaltyCard": null,
    "productPricePerUnitWithLoyaltyCard": null,
    "imageUrl": "https://rimibaltic-res.cloudinary.com/image/upload/d_ecommerce:backend-fallback.png/MAT_1361623_PCE_LV",
    "available": true,
    "discount": 18
  },
  {
    "shop": "RIMI",
    "categories": [
      1,
      1001,
      1001001
    ],
    "productName": "Alus Baltalus 4,5% 0,5l",
    "productPriceOld": null,
    "productPrice": {
      "value": 1.59,
      "unit": "€/gab"
    },
    "productPricePerUnit": {
      "value": 3.18,
      "unit": "€/l"
    },
    "productPriceWithLoyaltyCard": null,
    "productPricePerUnitWithLoyaltyCard": null,
    "imageUrl": "https://rimibaltic-res.cloudinary.com/image/upload/d_ecommerce:backend-fallback.png/MAT_1356781_PCE_LV",
    "available": true,
    "discount": null
  },
  {
    "shop": "MAXIMA",
    "categories": [
      1,
      1002,
      10010024
    ],
    "productName": "Dab.min.ūd.NABEGHLAVI gāz.500ml stikls D",
    "productPriceOld": null,
    "productPrice": {
      "value": 1.59,
      "unit": "€"
    },
    "productPricePerUnit": {
      "value": 3.18,
      "unit": "€/l"
    },
    "productPriceWithLoyaltyCard": null,
    "productPricePerUnitWithLoyaltyCard": null,
    "imageUrl": "https://cdn.barbora.lv/products/c3d75ce8-d6c8-4dee-b684-40ecc5a5e23d_s.png",
    "available": true,
    "discount": null
  },
  {
    "shop": "MAXIMA",
    "categories": [
      1,
      1002,
      10010021
    ],
    "productName": "Gāzēts dzēriens ROYAL CLUB SODA WATER 0,33L D",
    "productPriceOld": null,
    "productPrice": {
      "value": 1.05,
      "unit": "€"
    },
    "productPricePerUnit": {
      "value": 3.18,
      "unit": "€/l"
    },
    "productPriceWithLoyaltyCard": null,
    "productPricePerUnitWithLoyaltyCard": null,
    "imageUrl": "https://cdn.barbora.lv/products/9e3d3bfb-3553-4f20-821e-5c897031e57b_s.png",
    "available": true,
    "discount": null
  },
  {
    "shop": "MAXIMA",
    "categories": [
      1,
      1002,
      10010021
    ],
    "productName": "Gāzēts dzēriens DĀRZA LIMONĀDE CIDONIJU 0,5L D",
    "productPriceOld": null,
    "productPrice": {
      "value": 1.59,
      "unit": "€"
    },
    "productPricePerUnit": {
      "value": 3.18,
      "unit": "€/l"
    },
    "productPriceWithLoyaltyCard": null,
    "productPricePerUnitWithLoyaltyCard": null,
    "imageUrl": "https://cdn.barbora.lv/products/a2ff843e-9067-4199-87fe-a336f8e486b4_s.png",
    "available": true,
    "discount": null
  },
  {
    "shop": "MAXIMA",
    "categories": [
      1,
      1001,
      1001002
    ],
    "productName": "Sidrs Saldais LIELVĀRDES 4,8% 0,5L sk.D",
    "productPriceOld": {
      "value": 2.17,
      "unit": "€"
    },
    "productPrice": {
      "value": 2.17,
      "unit": "€"
    },
    "productPricePerUnit": {
      "value": 4.34,
      "unit": "€/l"
    },
    "productPriceWithLoyaltyCard": {
      "value": 1.59,
      "unit": "€"
    },
    "productPricePerUnitWithLoyaltyCard": {
      "value": 3.18,
      "unit": "€/l"
    },
    "imageUrl": "https://cdn.barbora.lv/products/237d08ea-197d-4b5c-8492-d881449e2092_s.png",
    "available": true,
    "discount": 27
  },
  {
    "shop": "MAXIMA",
    "categories": [
      2,
      2001,
      2001003
    ],
    "productName": "Tostermaize DRUVA 500g",
    "productPriceOld": null,
    "productPrice": {
      "value": 1.59,
      "unit": "€"
    },
    "productPricePerUnit": {
      "value": 3.18,
      "unit": "€/kg"
    },
    "productPriceWithLoyaltyCard": null,
    "productPricePerUnitWithLoyaltyCard": null,
    "imageUrl": "https://cdn.barbora.lv/products/f4d376e3-4668-4919-b7c4-771e45a9ff94_s.png",
    "available": true,
    "discount": null
  },
  {
    "shop": "CITRO",
    "categories": [
      1,
      1001,
      1001001
    ],
    "productName": "ALUS ALDARIS CARLSBERG 5% 0.5L STIKLS",
    "productPriceOld": null,
    "productPrice": null,
    "productPricePerUnit": {
      "value": 3.18,
      "unit": "€/L"
    },
    "productPriceWithLoyaltyCard": null,
    "productPricePerUnitWithLoyaltyCard": null,
    "imageUrl": "https://rezekne.citro.lv/wp-content/uploads/2022/03/4750049002799-300x300.jpg",
    "available": true,
    "discount": null
  },
  {
    "shop": "CITRO",
    "categories": [
      1,
      1001,
      1001001
    ],
    "productName": "ALK.KOKT. JOHAN FREITAG GIN&ROSE 5% 0.5L CĒSU ALUS",
    "productPriceOld": {
      "value": 1.99,
      "unit": "€"
    },
    "productPrice": {
      "value": 1.59,
      "unit": "€"
    },
    "productPricePerUnit": {
      "value": 3.18,
      "unit": "€/L"
    },
    "productPriceWithLoyaltyCard": null,
    "productPricePerUnitWithLoyaltyCard": null,
    "imageUrl": "https://rezekne.citro.lv/wp-content/uploads/2024/04/4750142005741-300x300.jpg",
    "available": true,
    "discount": 20
  },
  {
    "shop": "CITRO",
    "categories": [
      1,
      1002,
      10010022
    ],
    "productName": "ENERĢ.DZĒR. MONSTER MONSTER MANGO LOCO 0.5L",
    "productPriceOld": null,
    "productPrice": null,
    "productPricePerUnit": {
      "value": 3.18,
      "unit": "€/L"
    },
    "productPriceWithLoyaltyCard": null,
    "productPricePerUnitWithLoyaltyCard": null,
    "imageUrl": "https://rezekne.citro.lv/wp-content/uploads/2022/04/5060896622002-300x300.jpg",
    "available": true,
    "discount": null
  },
  {
    "shop": "RIMI",
    "categories": [
      1,
      1003,
      1003005
    ],
    "productName": "Gāz. bezalk. dzēriens Rimi Party ar zem.0,75l",
    "productPriceOld": null,
    "productPrice": {
      "value": 2.99,
      "unit": "€/gab"
    },
    "productPricePerUnit": {
      "value": 3.99,
      "unit": "€/l"
    },
    "productPriceWithLoyaltyCard": {
      "value": 2.39,
      "unit": "€"
    },
    "productPricePerUnitWithLoyaltyCard": {
      "value": 3.19,
      "unit": "€/l"
    },
    "imageUrl": "https://rimibaltic-res.cloudinary.com/image/upload/d_ecommerce:backend-fallback.png/MAT_1365987_PCE_LV",
    "available": true,
    "discount": 20
  },
  {
    "shop": "RIMI",
    "categories": [
      1,
      1002,
      10010021
    ],
    "productName": "Gāzēts bezalkohol. dzēriens Rimi Party 0,75l",
    "productPriceOld": null,
    "productPrice": {
      "value": 2.99,
      "unit": "€/gab"
    },
    "productPricePerUnit": {
      "value": 3.99,
      "unit": "€/l"
    },
    "productPriceWithLoyaltyCard": {
      "value": 2.39,
      "unit": "€"
    },
    "productPricePerUnitWithLoyaltyCard": {
      "value": 3.19,
      "unit": "€/l"
    },
    "imageUrl": "https://rimibaltic-res.cloudinary.com/image/upload/d_ecommerce:backend-fallback.png/MAT_1360100_PCE_LV",
    "available": true,
    "discount": 20
  },
  {
    "shop": "MAXIMA",
    "categories": [
      1,
      1001,
      1001001
    ],
    "productName": "Alus CĒSU BRŪŽA ķirš.sārt.4,5%0,568Lsk.D",
    "productPriceOld": null,
    "productPrice": {
      "value": 1.81,
      "unit": "€"
    },
    "productPricePerUnit": {
      "value": 3.19,
      "unit": "€/l"
    },
    "productPriceWithLoyaltyCard": null,
    "productPricePerUnitWithLoyaltyCard": null,
    "imageUrl": "https://cdn.barbora.lv/products/ad87a13d-a233-46d2-8be6-1d7e67b5f8e9_s.png",
    "available": true,
    "discount": null
  },
  {
    "shop": "CITRO",
    "categories": [
      1,
      1001,
      1001002
    ],
    "productName": "SIDRS SOMERSBY PEAR 4.5% 1L PET",
    "productPriceOld": null,
    "productPrice": null,
    "productPricePerUnit": {
      "value": 3.19,
      "unit": "€/L"
    },
    "productPriceWithLoyaltyCard": null,
    "productPricePerUnitWithLoyaltyCard": null,
    "imageUrl": "https://rezekne.citro.lv/wp-content/uploads/2022/04/4740019769746-300x300.jpg",
    "available": true,
    "discount": null
  },
  {
    "shop": "MAXIMA",
    "categories": [
      1,
      1002,
      10010020
    ],
    "productName": "Sulas dzēriens CIDO Troļļi persiku -zemeņu 200ml",
    "productPriceOld": null,
    "productPrice": {
      "value": 0.64,
      "unit": "€"
    },
    "productPricePerUnit": {
      "value": 3.2,
      "unit": "€/l"
    },
    "productPriceWithLoyaltyCard": null,
    "productPricePerUnitWithLoyaltyCard": null,
    "imageUrl": "https://cdn.barbora.lv/products/6182f790-7470-4b91-87b8-d917bc634b50_s.png",
    "available": true,
    "discount": null
  },
  {
    "shop": "MAXIMA",
    "categories": [
      1,
      1002,
      10010020
    ],
    "productName": "Nektārs CIDO Troļļi ābolu 200ml",
    "productPriceOld": null,
    "productPrice": {
      "value": 0.64,
      "unit": "€"
    },
    "productPricePerUnit": {
      "value": 3.2,
      "unit": "€/l"
    },
    "productPriceWithLoyaltyCard": null,
    "productPricePerUnitWithLoyaltyCard": null,
    "imageUrl": "https://cdn.barbora.lv/products/4da8f22f-39bc-41e2-8428-53340c5c170c_s.png",
    "available": true,
    "discount": null
  },
  {
    "shop": "MAXIMA",
    "categories": [
      1,
      1002,
      10010020
    ],
    "productName": "Nektārs CIDO Troļļi vīnogu 200ml",
    "productPriceOld": null,
    "productPrice": {
      "value": 0.64,
      "unit": "€"
    },
    "productPricePerUnit": {
      "value": 3.2,
      "unit": "€/l"
    },
    "productPriceWithLoyaltyCard": null,
    "productPricePerUnitWithLoyaltyCard": null,
    "imageUrl": "https://cdn.barbora.lv/products/31badfe1-38c5-48e7-aaaa-9eac52fbf961_s.png",
    "available": true,
    "discount": null
  },
  {
    "shop": "MAXIMA",
    "categories": [
      1,
      1001,
      1001001
    ],
    "productName": "Alus REGENT GOLDEN LAGER 5% 0,5L D",
    "productPriceOld": null,
    "productPrice": {
      "value": 1.6,
      "unit": "€"
    },
    "productPricePerUnit": {
      "value": 3.2,
      "unit": "€/l"
    },
    "productPriceWithLoyaltyCard": null,
    "productPricePerUnitWithLoyaltyCard": null,
    "imageUrl": "https://cdn.barbora.lv/products/bc9f3898-2ae5-4a3e-8442-1699eb609bea_s.png",
    "available": true,
    "discount": null
  },
  {
    "shop": "MAXIMA",
    "categories": [
      1,
      1001,
      1001001
    ],
    "productName": "Alus dz.TĒRV.RADL.up.greipfr.2,7% 0,5L D",
    "productPriceOld": null,
    "productPrice": {
      "value": 1.6,
      "unit": "€"
    },
    "productPricePerUnit": {
      "value": 3.2,
      "unit": "€/l"
    },
    "productPriceWithLoyaltyCard": null,
    "productPricePerUnitWithLoyaltyCard": null,
    "imageUrl": "https://cdn.barbora.lv/products/659b8e47-79fe-4dd9-8b31-b8d59a08876b_s.png",
    "available": true,
    "discount": null
  },
  {
    "shop": "MAXIMA",
    "categories": [
      1,
      1001,
      1001001
    ],
    "productName": "Alus dz.TĒRV.RADL.mell.smilt.2,7% 0,5L D",
    "productPriceOld": null,
    "productPrice": {
      "value": 1.6,
      "unit": "€"
    },
    "productPricePerUnit": {
      "value": 3.2,
      "unit": "€/l"
    },
    "productPriceWithLoyaltyCard": null,
    "productPricePerUnitWithLoyaltyCard": null,
    "imageUrl": "https://cdn.barbora.lv/products/b91feb29-d73a-475b-8fa8-c09a8d856022_s.png",
    "available": true,
    "discount": null
  },
  {
    "shop": "MAXIMA",
    "categories": [
      1,
      1001,
      1001001
    ],
    "productName": "Alus BRĀLIS senču 4,0% 0,5L D",
    "productPriceOld": null,
    "productPrice": {
      "value": 1.6,
      "unit": "€"
    },
    "productPricePerUnit": {
      "value": 3.2,
      "unit": "€/l"
    },
    "productPriceWithLoyaltyCard": null,
    "productPricePerUnitWithLoyaltyCard": null,
    "imageUrl": "https://cdn.barbora.lv/products/846282c6-c1b5-4a26-9582-efd35e25e965_s.png",
    "available": true,
    "discount": null
  },
  {
    "shop": "MAXIMA",
    "categories": [
      1,
      1001,
      1001001
    ],
    "productName": "Alus RĪGAS GAIŠAIS 5% 0,5L D",
    "productPriceOld": null,
    "productPrice": {
      "value": 1.6,
      "unit": "€"
    },
    "productPricePerUnit": {
      "value": 3.2,
      "unit": "€/l"
    },
    "productPriceWithLoyaltyCard": null,
    "productPricePerUnitWithLoyaltyCard": null,
    "imageUrl": "https://cdn.barbora.lv/products/ccf5d222-88f5-4263-a6a3-96877f68efdd_s.png",
    "available": true,
    "discount": null
  },
  {
    "shop": "MAXIMA",
    "categories": [
      1,
      1002,
      10010022
    ],
    "productName": "Enerģ.dz.MONSTER Energy 0,5L D",
    "productPriceOld": null,
    "productPrice": {
      "value": 1.61,
      "unit": "€"
    },
    "productPricePerUnit": {
      "value": 3.22,
      "unit": "€/l"
    },
    "productPriceWithLoyaltyCard": null,
    "productPricePerUnitWithLoyaltyCard": null,
    "imageUrl": "https://cdn.barbora.lv/products/b5f92ec6-6f83-4f0a-b2cd-c39b3b4c6d55_s.png",
    "available": true,
    "discount": null
  },
  {
    "shop": "MAXIMA",
    "categories": [
      1,
      1001,
      1001001
    ],
    "productName": "Alus PIEBALGAS SENČU gaiš. 4,5% 0,5L D",
    "productPriceOld": null,
    "productPrice": {
      "value": 1.61,
      "unit": "€"
    },
    "productPricePerUnit": {
      "value": 3.22,
      "unit": "€/l"
    },
    "productPriceWithLoyaltyCard": null,
    "productPricePerUnitWithLoyaltyCard": null,
    "imageUrl": "https://cdn.barbora.lv/products/866da5b8-1e25-4d58-9022-dacd5cb423b0_s.png",
    "available": true,
    "discount": null
  },
  {
    "shop": "MAXIMA",
    "categories": [
      2,
      2001,
      2001008
    ],
    "productName": "Maize LATVIJAS GRAUDU sēklu 300g",
    "productPriceOld": {
      "value": 1.29,
      "unit": "€"
    },
    "productPrice": {
      "value": 0.97,
      "unit": "€"
    },
    "productPricePerUnit": {
      "value": 3.23,
      "unit": "€/kg"
    },
    "productPriceWithLoyaltyCard": null,
    "productPricePerUnitWithLoyaltyCard": null,
    "imageUrl": "https://cdn.barbora.lv/products/ba3d96b9-d159-4b1e-ae8f-759d45c53782_s.png",
    "available": true,
    "discount": 25
  },
  {
    "shop": "MAXIMA",
    "categories": [
      1,
      1002,
      10010022
    ],
    "productName": "Enerģ.dz.MONSTER Energy Mega 0,553L D",
    "productPriceOld": null,
    "productPrice": {
      "value": 1.79,
      "unit": "€"
    },
    "productPricePerUnit": {
      "value": 3.24,
      "unit": "€/l"
    },
    "productPriceWithLoyaltyCard": null,
    "productPricePerUnitWithLoyaltyCard": null,
    "imageUrl": "https://cdn.barbora.lv/products/5268e12b-c3df-4855-88d0-6bf219c17827_s.png",
    "available": true,
    "discount": null
  },
  {
    "shop": "MAXIMA",
    "categories": [
      1,
      1001,
      1001001
    ],
    "productName": "Alus TĒRVETES Oriģinālais 5,4% 0,5LD",
    "productPriceOld": null,
    "productPrice": {
      "value": 1.62,
      "unit": "€"
    },
    "productPricePerUnit": {
      "value": 3.24,
      "unit": "€/l"
    },
    "productPriceWithLoyaltyCard": null,
    "productPricePerUnitWithLoyaltyCard": null,
    "imageUrl": "https://cdn.barbora.lv/products/12230abc-81aa-4b19-9137-66d6d0bfb0c1_s.png",
    "available": true,
    "discount": null
  },
  {
    "shop": "MAXIMA",
    "categories": [
      1,
      1001,
      1001001
    ],
    "productName": "Alus CĒSU BRŪŽA nefiltr. 5,4% 0,5L D",
    "productPriceOld": null,
    "productPrice": {
      "value": 1.62,
      "unit": "€"
    },
    "productPricePerUnit": {
      "value": 3.24,
      "unit": "€/l"
    },
    "productPriceWithLoyaltyCard": null,
    "productPricePerUnitWithLoyaltyCard": null,
    "imageUrl": "https://cdn.barbora.lv/products/5a4eae85-3c91-4930-8e00-22e1dbd02737_s.png",
    "available": true,
    "discount": null
  },
  {
    "shop": "MAXIMA",
    "categories": [
      1,
      1001,
      1001001
    ],
    "productName": "Alus PIEBALGAS Medalus 5,6% 1L PET D",
    "productPriceOld": null,
    "productPrice": {
      "value": 3.24,
      "unit": "€"
    },
    "productPricePerUnit": {
      "value": 3.24,
      "unit": "€/l"
    },
    "productPriceWithLoyaltyCard": null,
    "productPricePerUnitWithLoyaltyCard": null,
    "imageUrl": "https://cdn.barbora.lv/products/38981bab-999e-4286-8596-b57e575ac2c3_s.png",
    "available": true,
    "discount": null
  },
  {
    "shop": "MAXIMA",
    "categories": [
      1,
      1001,
      1001001
    ],
    "productName": "Alus PIEBALGAS Mērnieku 5,2% 0,5L sk.D",
    "productPriceOld": null,
    "productPrice": {
      "value": 1.62,
      "unit": "€"
    },
    "productPricePerUnit": {
      "value": 3.24,
      "unit": "€/l"
    },
    "productPriceWithLoyaltyCard": null,
    "productPricePerUnitWithLoyaltyCard": null,
    "imageUrl": "https://cdn.barbora.lv/products/b633d728-4384-4ce3-affa-d057726d37b6_s.png",
    "available": true,
    "discount": null
  },
  {
    "shop": "MAXIMA",
    "categories": [
      1,
      1001,
      1001001
    ],
    "productName": "Alus CĒSU BRŪŽA samtainais 5,4% 0,5L D",
    "productPriceOld": null,
    "productPrice": {
      "value": 1.62,
      "unit": "€"
    },
    "productPricePerUnit": {
      "value": 3.24,
      "unit": "€/l"
    },
    "productPriceWithLoyaltyCard": null,
    "productPricePerUnitWithLoyaltyCard": null,
    "imageUrl": "https://cdn.barbora.lv/products/30181d4d-3f7a-4aa2-b61a-651149bdc4bc_s.png",
    "available": true,
    "discount": null
  },
  {
    "shop": "RIMI",
    "categories": [
      1,
      1002,
      10010020
    ],
    "productName": "Nektārs Cido Apelsīnu 200ml",
    "productPriceOld": null,
    "productPrice": {
      "value": 0.65,
      "unit": "€/gab"
    },
    "productPricePerUnit": {
      "value": 3.25,
      "unit": "€/l"
    },
    "productPriceWithLoyaltyCard": null,
    "productPricePerUnitWithLoyaltyCard": null,
    "imageUrl": "https://rimibaltic-res.cloudinary.com/image/upload/d_ecommerce:backend-fallback.png/MAT_199802_PCE_LV",
    "available": true,
    "discount": null
  },
  {
    "shop": "RIMI",
    "categories": [
      1,
      1002,
      10010020
    ],
    "productName": "Sula Cido ābolu 0,2l",
    "productPriceOld": null,
    "productPrice": {
      "value": 0.65,
      "unit": "€/gab"
    },
    "productPricePerUnit": {
      "value": 3.25,
      "unit": "€/l"
    },
    "productPriceWithLoyaltyCard": null,
    "productPricePerUnitWithLoyaltyCard": null,
    "imageUrl": "https://rimibaltic-res.cloudinary.com/image/upload/d_ecommerce:backend-fallback.png/MAT_113824_PCE_LV",
    "available": true,
    "discount": null
  },
  {
    "shop": "RIMI",
    "categories": [
      1,
      1002,
      10010020
    ],
    "productName": "Sula Cido multiaugļu 0.2l",
    "productPriceOld": null,
    "productPrice": {
      "value": 0.65,
      "unit": "€/gab"
    },
    "productPricePerUnit": {
      "value": 3.25,
      "unit": "€/l"
    },
    "productPriceWithLoyaltyCard": null,
    "productPricePerUnitWithLoyaltyCard": null,
    "imageUrl": "https://rimibaltic-res.cloudinary.com/image/upload/d_ecommerce:backend-fallback.png/MAT_113822_PCE_LV",
    "available": true,
    "discount": null
  },
  {
    "shop": "MAXIMA",
    "categories": [
      1,
      1002,
      10010020
    ],
    "productName": "Nektārs CIDO vīnogu 0,2L",
    "productPriceOld": null,
    "productPrice": {
      "value": 0.65,
      "unit": "€"
    },
    "productPricePerUnit": {
      "value": 3.25,
      "unit": "€/l"
    },
    "productPriceWithLoyaltyCard": null,
    "productPricePerUnitWithLoyaltyCard": null,
    "imageUrl": "https://cdn.barbora.lv/products/505e1402-b819-4823-a14e-2dfe5af31bfd_s.png",
    "available": true,
    "discount": null
  },
  {
    "shop": "MAXIMA",
    "categories": [
      1,
      1002,
      10010020
    ],
    "productName": "Sula CIDO ābolu 100% 0,2L",
    "productPriceOld": null,
    "productPrice": {
      "value": 0.65,
      "unit": "€"
    },
    "productPricePerUnit": {
      "value": 3.25,
      "unit": "€/l"
    },
    "productPriceWithLoyaltyCard": null,
    "productPricePerUnitWithLoyaltyCard": null,
    "imageUrl": "https://cdn.barbora.lv/products/3410bdee-2025-409e-9436-543987cb0f7a_s.png",
    "available": true,
    "discount": null
  },
  {
    "shop": "MAXIMA",
    "categories": [
      1,
      1002,
      10010020
    ],
    "productName": "Sulas dzēriens CIDO multiaugļu Mix 0,2L",
    "productPriceOld": null,
    "productPrice": {
      "value": 0.65,
      "unit": "€"
    },
    "productPricePerUnit": {
      "value": 3.25,
      "unit": "€/l"
    },
    "productPriceWithLoyaltyCard": null,
    "productPricePerUnitWithLoyaltyCard": null,
    "imageUrl": "https://cdn.barbora.lv/products/77a88e25-3551-45e2-8437-93e587ef29b2_s.png",
    "available": true,
    "discount": null
  },
  {
    "shop": "MAXIMA",
    "categories": [
      1,
      1001,
      1001001
    ],
    "productName": "Alus dz.ZELT.CIDER upeņu 4,5% 0,5L sk.D",
    "productPriceOld": null,
    "productPrice": {
      "value": 1.63,
      "unit": "€"
    },
    "productPricePerUnit": {
      "value": 3.26,
      "unit": "€/l"
    },
    "productPriceWithLoyaltyCard": null,
    "productPricePerUnitWithLoyaltyCard": null,
    "imageUrl": "https://cdn.barbora.lv/products/1165c4d3-eaa7-4311-8cb1-4a453a7fc8ab_s.png",
    "available": true,
    "discount": null
  },
  {
    "shop": "RIMI",
    "categories": [
      1,
      1002,
      10010020
    ],
    "productName": "Sula Granini Tomātu 100% 1L",
    "productPriceOld": null,
    "productPrice": {
      "value": 3.29,
      "unit": "€/gab"
    },
    "productPricePerUnit": {
      "value": 3.29,
      "unit": "€/l"
    },
    "productPriceWithLoyaltyCard": null,
    "productPricePerUnitWithLoyaltyCard": null,
    "imageUrl": "https://rimibaltic-res.cloudinary.com/image/upload/d_ecommerce:backend-fallback.png/MAT_1353667_PCE_LV",
    "available": true,
    "discount": null
  },
  {
    "shop": "RIMI",
    "categories": [
      1,
      1002,
      10010020
    ],
    "productName": "Sulas dzēriens Granini zemeņu 1l",
    "productPriceOld": null,
    "productPrice": {
      "value": 3.29,
      "unit": "€/gab"
    },
    "productPricePerUnit": {
      "value": 3.29,
      "unit": "€/l"
    },
    "productPriceWithLoyaltyCard": null,
    "productPricePerUnitWithLoyaltyCard": null,
    "imageUrl": "https://rimibaltic-res.cloudinary.com/image/upload/d_ecommerce:backend-fallback.png/MAT_1374826_PCE_LV",
    "available": true,
    "discount": null
  },
  {
    "shop": "RIMI",
    "categories": [
      1,
      1001,
      1001001
    ],
    "productName": "Medalus Piebalgas 5,6% 1l",
    "productPriceOld": null,
    "productPrice": {
      "value": 3.29,
      "unit": "€/gab"
    },
    "productPricePerUnit": {
      "value": 3.29,
      "unit": "€/l"
    },
    "productPriceWithLoyaltyCard": null,
    "productPricePerUnitWithLoyaltyCard": null,
    "imageUrl": "https://rimibaltic-res.cloudinary.com/image/upload/d_ecommerce:backend-fallback.png/MAT_1372592_PCE_LV",
    "available": true,
    "discount": null
  },
  {
    "shop": "MAXIMA",
    "categories": [
      1,
      1001,
      1001003
    ],
    "productName": "Vīns White CHEVVINO Tetra 10,5% 1L",
    "productPriceOld": null,
    "productPrice": {
      "value": 3.29,
      "unit": "€"
    },
    "productPricePerUnit": {
      "value": 3.29,
      "unit": "€/l"
    },
    "productPriceWithLoyaltyCard": null,
    "productPricePerUnitWithLoyaltyCard": null,
    "imageUrl": "https://cdn.barbora.lv/products/545ac335-0b3e-44d5-9132-85fcb5c44203_s.png",
    "available": true,
    "discount": null
  },
  {
    "shop": "MAXIMA",
    "categories": [
      1,
      1001,
      1001003
    ],
    "productName": "Vīns Red CHEVVINO Tetra 10,5% 1L",
    "productPriceOld": null,
    "productPrice": {
      "value": 3.29,
      "unit": "€"
    },
    "productPricePerUnit": {
      "value": 3.29,
      "unit": "€/l"
    },
    "productPriceWithLoyaltyCard": null,
    "productPricePerUnitWithLoyaltyCard": null,
    "imageUrl": "https://cdn.barbora.lv/products/3f7e6a97-c265-402b-9113-fd33e8df9f2c_s.png",
    "available": true,
    "discount": null
  },
  {
    "shop": "MAXIMA",
    "categories": [
      1,
      1001,
      1001003
    ],
    "productName": "Vīns Rose CHEVVINO Tetra 10,5% 1L",
    "productPriceOld": null,
    "productPrice": {
      "value": 3.29,
      "unit": "€"
    },
    "productPricePerUnit": {
      "value": 3.29,
      "unit": "€/l"
    },
    "productPriceWithLoyaltyCard": null,
    "productPricePerUnitWithLoyaltyCard": null,
    "imageUrl": "https://cdn.barbora.lv/products/2aacd20c-f285-465d-ad44-33e511f09e65_s.png",
    "available": true,
    "discount": null
  },
  {
    "shop": "MAXIMA",
    "categories": [
      2,
      2001,
      2001008
    ],
    "productName": "Bagete Franču ar graudiem un sēklām 231g",
    "productPriceOld": null,
    "productPrice": {
      "value": 0.79,
      "unit": "€"
    },
    "productPricePerUnit": {
      "value": 3.29,
      "unit": "€/kg"
    },
    "productPriceWithLoyaltyCard": null,
    "productPricePerUnitWithLoyaltyCard": null,
    "imageUrl": "https://cdn.barbora.lv/products/0839ca6c-91b8-4e49-aaa3-a5c0cad6d839_s.png",
    "available": true,
    "discount": null
  },
  {
    "shop": "RIMI",
    "categories": [
      1,
      1002,
      10010021
    ],
    "productName": "Dzēriens Kanes Pure Lemon gāzēts 0,33l",
    "productPriceOld": null,
    "productPrice": {
      "value": 1.09,
      "unit": "€/gab"
    },
    "productPricePerUnit": {
      "value": 3.3,
      "unit": "€/l"
    },
    "productPriceWithLoyaltyCard": null,
    "productPricePerUnitWithLoyaltyCard": null,
    "imageUrl": "https://rimibaltic-res.cloudinary.com/image/upload/d_ecommerce:backend-fallback.png/MAT_1359862_PCE_LV",
    "available": true,
    "discount": null
  },
  {
    "shop": "RIMI",
    "categories": [
      1,
      1002,
      10010021
    ],
    "productName": "Dzēriens Kanes Cola&Herbs gāzēts 0,33l",
    "productPriceOld": null,
    "productPrice": {
      "value": 1.09,
      "unit": "€/gab"
    },
    "productPricePerUnit": {
      "value": 3.3,
      "unit": "€/l"
    },
    "productPriceWithLoyaltyCard": null,
    "productPricePerUnitWithLoyaltyCard": null,
    "imageUrl": "https://rimibaltic-res.cloudinary.com/image/upload/d_ecommerce:backend-fallback.png/MAT_1359863_PCE_LV",
    "available": true,
    "discount": null
  },
  {
    "shop": "RIMI",
    "categories": [
      1,
      1001,
      1001001
    ],
    "productName": "Alus Tērvete tumšais 5,4% 0,5l",
    "productPriceOld": null,
    "productPrice": {
      "value": 2.15,
      "unit": "€/gab"
    },
    "productPricePerUnit": {
      "value": 4.3,
      "unit": "€/l"
    },
    "productPriceWithLoyaltyCard": {
      "value": 1.65,
      "unit": "€"
    },
    "productPricePerUnitWithLoyaltyCard": {
      "value": 3.3,
      "unit": "€/l"
    },
    "imageUrl": "https://rimibaltic-res.cloudinary.com/image/upload/d_ecommerce:backend-fallback.png/MAT_1359159_PCE_LV",
    "available": true,
    "discount": 23
  },
  {
    "shop": "RIMI",
    "categories": [
      1,
      1001,
      1001001
    ],
    "productName": "Alus Piebalgas senču gaišais 4,5% 0,5l",
    "productPriceOld": null,
    "productPrice": {
      "value": 1.65,
      "unit": "€/gab"
    },
    "productPricePerUnit": {
      "value": 3.3,
      "unit": "€/l"
    },
    "productPriceWithLoyaltyCard": null,
    "productPricePerUnitWithLoyaltyCard": null,
    "imageUrl": "https://rimibaltic-res.cloudinary.com/image/upload/d_ecommerce:backend-fallback.png/MAT_461018_PCE_LV",
    "available": true,
    "discount": null
  },
  {
    "shop": "RIMI",
    "categories": [
      1,
      1001,
      1001001
    ],
    "productName": "Alus Cēsu Light Tequila & Lime 4,5% 0,33l",
    "productPriceOld": null,
    "productPrice": {
      "value": 1.45,
      "unit": "€/gab"
    },
    "productPricePerUnit": {
      "value": 4.39,
      "unit": "€/l"
    },
    "productPriceWithLoyaltyCard": {
      "value": 1.09,
      "unit": "€"
    },
    "productPricePerUnitWithLoyaltyCard": {
      "value": 3.3,
      "unit": "€/l"
    },
    "imageUrl": "https://rimibaltic-res.cloudinary.com/image/upload/d_ecommerce:backend-fallback.png/MAT_1368696_PCE_LV",
    "available": true,
    "discount": 25
  },
  {
    "shop": "RIMI",
    "categories": [
      1,
      1001,
      1001001
    ],
    "productName": "Alus Cēsu Light Lime 4,2% 0,33l",
    "productPriceOld": null,
    "productPrice": {
      "value": 1.45,
      "unit": "€/gab"
    },
    "productPricePerUnit": {
      "value": 4.39,
      "unit": "€/l"
    },
    "productPriceWithLoyaltyCard": {
      "value": 1.09,
      "unit": "€"
    },
    "productPricePerUnitWithLoyaltyCard": {
      "value": 3.3,
      "unit": "€/l"
    },
    "imageUrl": "https://rimibaltic-res.cloudinary.com/image/upload/d_ecommerce:backend-fallback.png/MAT_1360744_PCE_LV",
    "available": true,
    "discount": 25
  },
  {
    "shop": "RIMI",
    "categories": [
      1,
      1001,
      1001001
    ],
    "productName": "Alus Cēsu Light Lime 4,2% 0,33l",
    "productPriceOld": null,
    "productPrice": {
      "value": 1.45,
      "unit": "€/gab"
    },
    "productPricePerUnit": {
      "value": 4.39,
      "unit": "€/l"
    },
    "productPriceWithLoyaltyCard": {
      "value": 1.09,
      "unit": "€"
    },
    "productPricePerUnitWithLoyaltyCard": {
      "value": 3.3,
      "unit": "€/l"
    },
    "imageUrl": "https://rimibaltic-res.cloudinary.com/image/upload/d_ecommerce:backend-fallback.png/MAT_1360744_PCE_LV",
    "available": true,
    "discount": 25
  },
  {
    "shop": "MAXIMA",
    "categories": [
      1,
      1002,
      10010021
    ],
    "productName": "Gāz. dzēriens SUPER MANKI skārd. 330ml D",
    "productPriceOld": null,
    "productPrice": {
      "value": 1.09,
      "unit": "€"
    },
    "productPricePerUnit": {
      "value": 3.3,
      "unit": "€/l"
    },
    "productPriceWithLoyaltyCard": null,
    "productPricePerUnitWithLoyaltyCard": null,
    "imageUrl": "https://cdn.barbora.lv/products/586d8f08-f494-4f40-9512-962ce2126540_s.png",
    "available": true,
    "discount": null
  },
  {
    "shop": "MAXIMA",
    "categories": [
      1,
      1002,
      10010021
    ],
    "productName": "Gāz. dzēriens KANE'S PURE LEMON 0,33L D",
    "productPriceOld": null,
    "productPrice": {
      "value": 1.09,
      "unit": "€"
    },
    "productPricePerUnit": {
      "value": 3.3,
      "unit": "€/l"
    },
    "productPriceWithLoyaltyCard": null,
    "productPricePerUnitWithLoyaltyCard": null,
    "imageUrl": "https://cdn.barbora.lv/products/48904b38-3756-49f4-93c4-547b285f33ef_s.png",
    "available": true,
    "discount": null
  },
  {
    "shop": "MAXIMA",
    "categories": [
      2,
      2001,
      2001002
    ],
    "productName": "Fazer DZĪVĀ Baltmaize 400g",
    "productPriceOld": null,
    "productPrice": {
      "value": 1.32,
      "unit": "€"
    },
    "productPricePerUnit": {
      "value": 3.3,
      "unit": "€/kg"
    },
    "productPriceWithLoyaltyCard": null,
    "productPricePerUnitWithLoyaltyCard": null,
    "imageUrl": "https://cdn.barbora.lv/products/e7dac7b3-18bc-4a6f-b311-fa5f8cab70e3_s.png",
    "available": true,
    "discount": null
  },
  {
    "shop": "RIMI",
    "categories": [
      2,
      2001,
      2001005
    ],
    "productName": "Saldskābmaize Kuršu 1/2 sagriezta 390g",
    "productPriceOld": null,
    "productPrice": {
      "value": 1.29,
      "unit": "€/gab"
    },
    "productPricePerUnit": {
      "value": 3.31,
      "unit": "€/kg"
    },
    "productPriceWithLoyaltyCard": null,
    "productPricePerUnitWithLoyaltyCard": null,
    "imageUrl": "https://rimibaltic-res.cloudinary.com/image/upload/d_ecommerce:backend-fallback.png/MAT_275911_PCE_LV",
    "available": true,
    "discount": null
  },
  {
    "shop": "RIMI",
    "categories": [
      1,
      1002,
      10010026
    ],
    "productName": "Ledus tēja Arizona ar persiku garšu 0,45L",
    "productPriceOld": null,
    "productPrice": {
      "value": 1.49,
      "unit": "€/gab"
    },
    "productPricePerUnit": {
      "value": 3.31,
      "unit": "€/l"
    },
    "productPriceWithLoyaltyCard": null,
    "productPricePerUnitWithLoyaltyCard": null,
    "imageUrl": "https://rimibaltic-res.cloudinary.com/image/upload/d_ecommerce:backend-fallback.png/MAT_1371731_PCE_LV",
    "available": true,
    "discount": null
  },
  {
    "shop": "RIMI",
    "categories": [
      1,
      1002,
      10010026
    ],
    "productName": "Zaļā ledus tēja Arizona ar medu 0,45L",
    "productPriceOld": null,
    "productPrice": {
      "value": 1.49,
      "unit": "€/gab"
    },
    "productPricePerUnit": {
      "value": 3.31,
      "unit": "€/l"
    },
    "productPriceWithLoyaltyCard": null,
    "productPricePerUnitWithLoyaltyCard": null,
    "imageUrl": "https://rimibaltic-res.cloudinary.com/image/upload/d_ecommerce:backend-fallback.png/MAT_1371733_PCE_LV",
    "available": true,
    "discount": null
  },
  {
    "shop": "MAXIMA",
    "categories": [
      2,
      2001,
      2001004,
      2001001
    ],
    "productName": "Rudzu maize Kungu pilngraudu 390g",
    "productPriceOld": null,
    "productPrice": {
      "value": 1.29,
      "unit": "€"
    },
    "productPricePerUnit": {
      "value": 3.31,
      "unit": "€/kg"
    },
    "productPriceWithLoyaltyCard": null,
    "productPricePerUnitWithLoyaltyCard": null,
    "imageUrl": "https://cdn.barbora.lv/products/369744c7-7900-48f8-b211-be1517d45839_s.png",
    "available": true,
    "discount": null
  },
  {
    "shop": "MAXIMA",
    "categories": [
      2,
      2001,
      2001003
    ],
    "productName": "Tostermaize ar grauzdētiem sīpoliem Tost maize LM 450g",
    "productPriceOld": {
      "value": 1.99,
      "unit": "€"
    },
    "productPrice": {
      "value": 1.49,
      "unit": "€"
    },
    "productPricePerUnit": {
      "value": 3.31,
      "unit": "€/kg"
    },
    "productPriceWithLoyaltyCard": null,
    "productPricePerUnitWithLoyaltyCard": null,
    "imageUrl": "https://cdn.barbora.lv/products/3dffdedc-81dd-4b1e-ae34-cfba23ae641d_s.png",
    "available": true,
    "discount": 25
  },
  {
    "shop": "MAXIMA",
    "categories": [
      2,
      2001,
      2001004
    ],
    "productName": "Maize LATVIJAS GRAUDU gaišā rudzu 390g",
    "productPriceOld": null,
    "productPrice": {
      "value": 1.29,
      "unit": "€"
    },
    "productPricePerUnit": {
      "value": 3.31,
      "unit": "€/kg"
    },
    "productPriceWithLoyaltyCard": null,
    "productPricePerUnitWithLoyaltyCard": null,
    "imageUrl": "https://cdn.barbora.lv/products/d246df87-19c2-48e4-8fe5-a3b657fea41a_s.png",
    "available": true,
    "discount": null
  },
  {
    "shop": "RIMI",
    "categories": [
      1,
      1002,
      10010027
    ],
    "productName": "Mango dzēr. Granini Selection 24% 0,75l",
    "productPriceOld": null,
    "productPrice": {
      "value": 3.19,
      "unit": "€/gab"
    },
    "productPricePerUnit": {
      "value": 4.25,
      "unit": "€/l"
    },
    "productPriceWithLoyaltyCard": {
      "value": 2.49,
      "unit": "€"
    },
    "productPricePerUnitWithLoyaltyCard": {
      "value": 3.32,
      "unit": "€/l"
    },
    "imageUrl": "https://rimibaltic-res.cloudinary.com/image/upload/d_ecommerce:backend-fallback.png/MAT_1373606_PCE_LV",
    "available": true,
    "discount": 22
  },
  {
    "shop": "RIMI",
    "categories": [
      1,
      1002,
      10010020
    ],
    "productName": "Ananasu nektārs Selection 50% 0,75l",
    "productPriceOld": null,
    "productPrice": {
      "value": 3.19,
      "unit": "€/gab"
    },
    "productPricePerUnit": {
      "value": 4.25,
      "unit": "€/l"
    },
    "productPriceWithLoyaltyCard": {
      "value": 2.49,
      "unit": "€"
    },
    "productPricePerUnitWithLoyaltyCard": {
      "value": 3.32,
      "unit": "€/l"
    },
    "imageUrl": "https://rimibaltic-res.cloudinary.com/image/upload/d_ecommerce:backend-fallback.png/MAT_1373605_PCE_LV",
    "available": true,
    "discount": 22
  },
  {
    "shop": "RIMI",
    "categories": [
      1,
      1002,
      10010027
    ],
    "productName": "Marakujas dzēriens Selection 20% 0,75l",
    "productPriceOld": null,
    "productPrice": {
      "value": 3.19,
      "unit": "€/gab"
    },
    "productPricePerUnit": {
      "value": 4.25,
      "unit": "€/l"
    },
    "productPriceWithLoyaltyCard": {
      "value": 2.49,
      "unit": "€"
    },
    "productPricePerUnitWithLoyaltyCard": {
      "value": 3.32,
      "unit": "€/l"
    },
    "imageUrl": "https://rimibaltic-res.cloudinary.com/image/upload/d_ecommerce:backend-fallback.png/MAT_1373584_PCE_LV",
    "available": true,
    "discount": 22
  },
  {
    "shop": "MAXIMA",
    "categories": [
      1,
      1002,
      10010021
    ],
    "productName": "Gāzēts dzēriens MEŽEZERS MOHITO 0,75L D",
    "productPriceOld": {
      "value": 3.35,
      "unit": "€"
    },
    "productPrice": {
      "value": 3.35,
      "unit": "€"
    },
    "productPricePerUnit": {
      "value": 4.47,
      "unit": "€/l"
    },
    "productPriceWithLoyaltyCard": {
      "value": 2.49,
      "unit": "€"
    },
    "productPricePerUnitWithLoyaltyCard": {
      "value": 3.32,
      "unit": "€/l"
    },
    "imageUrl": "https://cdn.barbora.lv/products/e60319bd-70b0-40ee-8aa8-7e625dae7b44_s.png",
    "available": true,
    "discount": 26
  },
  {
    "shop": "CITRO",
    "categories": [
      1,
      1002,
      10010021
    ],
    "productName": "DZĒRIENS MEŽEZERS DZIRKSTOŠAIS 0.75L",
    "productPriceOld": {
      "value": 2.89,
      "unit": "€"
    },
    "productPrice": {
      "value": 2.49,
      "unit": "€"
    },
    "productPricePerUnit": {
      "value": 3.32,
      "unit": "€/L"
    },
    "productPriceWithLoyaltyCard": null,
    "productPricePerUnitWithLoyaltyCard": null,
    "imageUrl": "https://rezekne.citro.lv/wp-content/uploads/2022/09/4750108000629-arFonu-300x300.jpg",
    "available": true,
    "discount": 14
  },
  {
    "shop": "CITRO",
    "categories": [
      2,
      2001,
      2001002
    ],
    "productName": "BALTMAIZE LIELKUNGU 600G HANZASM",
    "productPriceOld": null,
    "productPrice": null,
    "productPricePerUnit": {
      "value": 3.32,
      "unit": "€/KG"
    },
    "productPriceWithLoyaltyCard": null,
    "productPricePerUnitWithLoyaltyCard": null,
    "imageUrl": "https://rezekne.citro.lv/wp-content/uploads/2022/04/4750038141614-300x300.jpg",
    "available": true,
    "discount": null
  },
  {
    "shop": "MAXIMA",
    "categories": [
      1,
      1001,
      1001001
    ],
    "productName": "Alus LĀČPLĒSIS Dzintara 4,8% 0,5L D",
    "productPriceOld": null,
    "productPrice": {
      "value": 1.67,
      "unit": "€"
    },
    "productPricePerUnit": {
      "value": 3.34,
      "unit": "€/l"
    },
    "productPriceWithLoyaltyCard": null,
    "productPricePerUnitWithLoyaltyCard": null,
    "imageUrl": "https://cdn.barbora.lv/products/1c16c8ad-75e8-4a0f-b71d-2e7be16f4502_s.png",
    "available": true,
    "discount": null
  },
  {
    "shop": "MAXIMA",
    "categories": [
      1,
      1001,
      1001001
    ],
    "productName": "Alus MĪTAVA 5% 0,5L D",
    "productPriceOld": null,
    "productPrice": {
      "value": 1.67,
      "unit": "€"
    },
    "productPricePerUnit": {
      "value": 3.34,
      "unit": "€/l"
    },
    "productPriceWithLoyaltyCard": null,
    "productPricePerUnitWithLoyaltyCard": null,
    "imageUrl": "https://cdn.barbora.lv/products/b9eb9adc-a1b9-4016-b7de-2ddbb4421a68_s.png",
    "available": true,
    "discount": null
  },
  {
    "shop": "MAXIMA",
    "categories": [
      1,
      1001,
      1001001
    ],
    "productName": "Alus SENČU 4,2% 0,5L D",
    "productPriceOld": null,
    "productPrice": {
      "value": 1.67,
      "unit": "€"
    },
    "productPricePerUnit": {
      "value": 3.34,
      "unit": "€/l"
    },
    "productPriceWithLoyaltyCard": null,
    "productPricePerUnitWithLoyaltyCard": null,
    "imageUrl": "https://cdn.barbora.lv/products/3a10e0b9-d4da-4f38-955d-5240cc591289_s.png",
    "available": true,
    "discount": null
  },
  {
    "shop": "MAXIMA",
    "categories": [
      1,
      1001,
      1001001
    ],
    "productName": "Alus CORONA EXTRA 4,5% 0,355L D",
    "productPriceOld": {
      "value": 1.81,
      "unit": "€"
    },
    "productPrice": {
      "value": 1.81,
      "unit": "€"
    },
    "productPricePerUnit": {
      "value": 5.1,
      "unit": "€/l"
    },
    "productPriceWithLoyaltyCard": {
      "value": 1.19,
      "unit": "€"
    },
    "productPricePerUnitWithLoyaltyCard": {
      "value": 3.35,
      "unit": "€/l"
    },
    "imageUrl": "https://cdn.barbora.lv/products/f214408f-a133-4083-8b63-794763bdc461_s.png",
    "available": true,
    "discount": 34
  },
  {
    "shop": "MAXIMA",
    "categories": [
      1,
      1002,
      10010022
    ],
    "productName": "Enerģijas dzēriens BATTERY 0,33L D",
    "productPriceOld": null,
    "productPrice": {
      "value": 1.11,
      "unit": "€"
    },
    "productPricePerUnit": {
      "value": 3.36,
      "unit": "€/l"
    },
    "productPriceWithLoyaltyCard": null,
    "productPricePerUnitWithLoyaltyCard": null,
    "imageUrl": "https://cdn.barbora.lv/products/1add33d8-b568-48f9-86b4-680bc060e70c_s.png",
    "available": true,
    "discount": null
  },
  {
    "shop": "MAXIMA",
    "categories": [
      1,
      1001,
      1001001
    ],
    "productName": "Alus LĀČPLĒSIS EKSTRA 5,4% 0,5L D",
    "productPriceOld": null,
    "productPrice": {
      "value": 1.68,
      "unit": "€"
    },
    "productPricePerUnit": {
      "value": 3.36,
      "unit": "€/l"
    },
    "productPriceWithLoyaltyCard": null,
    "productPricePerUnitWithLoyaltyCard": null,
    "imageUrl": "https://cdn.barbora.lv/products/a5da1866-5172-479a-bde1-d028d0af3328_s.png",
    "available": true,
    "discount": null
  },
  {
    "shop": "MAXIMA",
    "categories": [
      2,
      2001,
      2001008
    ],
    "productName": "Maize LATVIJAS GRAUDU šķiedrvielu 300g",
    "productPriceOld": {
      "value": 1.35,
      "unit": "€"
    },
    "productPrice": {
      "value": 1.01,
      "unit": "€"
    },
    "productPricePerUnit": {
      "value": 3.37,
      "unit": "€/kg"
    },
    "productPriceWithLoyaltyCard": null,
    "productPricePerUnitWithLoyaltyCard": null,
    "imageUrl": "https://cdn.barbora.lv/products/59940672-8e0c-4ced-85bd-9c66318be541_s.png",
    "available": true,
    "discount": 25
  },
  {
    "shop": "RIMI",
    "categories": [
      2,
      2001,
      2001003
    ],
    "productName": "Tostermaize Latvijas Tost Maize 500g",
    "productPriceOld": null,
    "productPrice": {
      "value": 1.69,
      "unit": "€/gab"
    },
    "productPricePerUnit": {
      "value": 3.38,
      "unit": "€/kg"
    },
    "productPriceWithLoyaltyCard": null,
    "productPricePerUnitWithLoyaltyCard": null,
    "imageUrl": "https://rimibaltic-res.cloudinary.com/image/upload/d_ecommerce:backend-fallback.png/MAT_987207_PCE_LV",
    "available": true,
    "discount": null
  },
  {
    "shop": "RIMI",
    "categories": [
      1,
      1002,
      10010021
    ],
    "productName": "Limonāde Aquanine Greipfr., Citr., Ingv. 0,5l",
    "productPriceOld": null,
    "productPrice": {
      "value": 1.69,
      "unit": "€/gab"
    },
    "productPricePerUnit": {
      "value": 3.38,
      "unit": "€/l"
    },
    "productPriceWithLoyaltyCard": null,
    "productPricePerUnitWithLoyaltyCard": null,
    "imageUrl": "https://rimibaltic-res.cloudinary.com/image/upload/d_ecommerce:backend-fallback.png/MAT_1373545_PCE_LV",
    "available": true,
    "discount": null
  },
  {
    "shop": "RIMI",
    "categories": [
      1,
      1002,
      10010021
    ],
    "productName": "Limonāde Aquanine Melon, Piparm., Melisa 0,5l",
    "productPriceOld": null,
    "productPrice": {
      "value": 1.69,
      "unit": "€/gab"
    },
    "productPricePerUnit": {
      "value": 3.38,
      "unit": "€/l"
    },
    "productPriceWithLoyaltyCard": null,
    "productPricePerUnitWithLoyaltyCard": null,
    "imageUrl": "https://rimibaltic-res.cloudinary.com/image/upload/d_ecommerce:backend-fallback.png/MAT_1373546_PCE_LV",
    "available": true,
    "discount": null
  },
  {
    "shop": "RIMI",
    "categories": [
      1,
      1002,
      10010021
    ],
    "productName": "Limonāde Aquanine Tarhun, Aveņu 0,5l",
    "productPriceOld": null,
    "productPrice": {
      "value": 1.69,
      "unit": "€/gab"
    },
    "productPricePerUnit": {
      "value": 3.38,
      "unit": "€/l"
    },
    "productPriceWithLoyaltyCard": null,
    "productPricePerUnitWithLoyaltyCard": null,
    "imageUrl": "https://rimibaltic-res.cloudinary.com/image/upload/d_ecommerce:backend-fallback.png/MAT_1373537_PCE_LV",
    "available": true,
    "discount": null
  },
  {
    "shop": "RIMI",
    "categories": [
      1,
      1003,
      1003001
    ],
    "productName": "Alus Krombacher bezalkoholiskais 0% 0,5l",
    "productPriceOld": {
      "value": 1.89,
      "unit": "€"
    },
    "productPrice": {
      "value": 1.69,
      "unit": "€/gab"
    },
    "productPricePerUnit": {
      "value": 3.38,
      "unit": "€/l"
    },
    "productPriceWithLoyaltyCard": null,
    "productPricePerUnitWithLoyaltyCard": null,
    "imageUrl": "https://rimibaltic-res.cloudinary.com/image/upload/d_ecommerce:backend-fallback.png/MAT_1374216_PCE_LV",
    "available": true,
    "discount": 11
  },
  {
    "shop": "RIMI",
    "categories": [
      1,
      1001,
      1001001
    ],
    "productName": "Alus Cēsu Senču Retro 4,6% 0.5l",
    "productPriceOld": null,
    "productPrice": {
      "value": 1.69,
      "unit": "€/gab"
    },
    "productPricePerUnit": {
      "value": 3.38,
      "unit": "€/l"
    },
    "productPriceWithLoyaltyCard": null,
    "productPricePerUnitWithLoyaltyCard": null,
    "imageUrl": "https://rimibaltic-res.cloudinary.com/image/upload/d_ecommerce:backend-fallback.png/MAT_1374106_PCE_LV",
    "available": true,
    "discount": null
  },
  {
    "shop": "RIMI",
    "categories": [
      1,
      1001,
      1001001
    ],
    "productName": "Alus Madonas Medots 4,6% 0,5l",
    "productPriceOld": null,
    "productPrice": {
      "value": 2.29,
      "unit": "€/gab"
    },
    "productPricePerUnit": {
      "value": 4.58,
      "unit": "€/l"
    },
    "productPriceWithLoyaltyCard": {
      "value": 1.69,
      "unit": "€"
    },
    "productPricePerUnitWithLoyaltyCard": {
      "value": 3.38,
      "unit": "€/l"
    },
    "imageUrl": "https://rimibaltic-res.cloudinary.com/image/upload/d_ecommerce:backend-fallback.png/MAT_1372889_PCE_LV",
    "available": true,
    "discount": 26
  },
  {
    "shop": "RIMI",
    "categories": [
      1,
      1001,
      1001001
    ],
    "productName": "Alus Brālis gaišais 5,3% 0,5l",
    "productPriceOld": null,
    "productPrice": {
      "value": 1.69,
      "unit": "€/gab"
    },
    "productPricePerUnit": {
      "value": 3.38,
      "unit": "€/l"
    },
    "productPriceWithLoyaltyCard": null,
    "productPricePerUnitWithLoyaltyCard": null,
    "imageUrl": "https://rimibaltic-res.cloudinary.com/image/upload/d_ecommerce:backend-fallback.png/MAT_537355_PCE_LV",
    "available": true,
    "discount": null
  },
  {
    "shop": "RIMI",
    "categories": [
      1,
      1001,
      1001001
    ],
    "productName": "Alus Lāčplēsis Ekstra 5,2% 0,5l",
    "productPriceOld": null,
    "productPrice": {
      "value": 1.69,
      "unit": "€/gab"
    },
    "productPricePerUnit": {
      "value": 3.38,
      "unit": "€/l"
    },
    "productPriceWithLoyaltyCard": null,
    "productPricePerUnitWithLoyaltyCard": null,
    "imageUrl": "https://rimibaltic-res.cloudinary.com/image/upload/d_ecommerce:backend-fallback.png/MAT_1356325_PCE_LV",
    "available": true,
    "discount": null
  },
  {
    "shop": "RIMI",
    "categories": [
      1,
      1001,
      1001001
    ],
    "productName": "Alus Lāčplēsis Dzintara 4,8% 0,5l pudele",
    "productPriceOld": null,
    "productPrice": {
      "value": 1.69,
      "unit": "€/gab"
    },
    "productPricePerUnit": {
      "value": 3.38,
      "unit": "€/l"
    },
    "productPriceWithLoyaltyCard": null,
    "productPricePerUnitWithLoyaltyCard": null,
    "imageUrl": "https://rimibaltic-res.cloudinary.com/image/upload/d_ecommerce:backend-fallback.png/MAT_656496_PCE_LV",
    "available": true,
    "discount": null
  },
  {
    "shop": "RIMI",
    "categories": [
      1,
      1001,
      1001001
    ],
    "productName": "Alus Lāčplēsis Dzintara 4,8% 0,5l pudele",
    "productPriceOld": null,
    "productPrice": {
      "value": 1.69,
      "unit": "€/gab"
    },
    "productPricePerUnit": {
      "value": 3.38,
      "unit": "€/l"
    },
    "productPriceWithLoyaltyCard": null,
    "productPricePerUnitWithLoyaltyCard": null,
    "imageUrl": "https://rimibaltic-res.cloudinary.com/image/upload/d_ecommerce:backend-fallback.png/MAT_656496_PCE_LV",
    "available": true,
    "discount": null
  },
  {
    "shop": "MAXIMA",
    "categories": [
      1,
      1001,
      1001001
    ],
    "productName": "Alus UŽAVAS gaišais 4,6% 0,5L D",
    "productPriceOld": {
      "value": 2.17,
      "unit": "€"
    },
    "productPrice": {
      "value": 2.17,
      "unit": "€"
    },
    "productPricePerUnit": {
      "value": 4.34,
      "unit": "€/l"
    },
    "productPriceWithLoyaltyCard": {
      "value": 1.69,
      "unit": "€"
    },
    "productPricePerUnitWithLoyaltyCard": {
      "value": 3.38,
      "unit": "€/l"
    },
    "imageUrl": "https://cdn.barbora.lv/products/a7fe045c-8a71-4965-976d-2bd72474c73f_s.png",
    "available": true,
    "discount": 22
  },
  {
    "shop": "MAXIMA",
    "categories": [
      2,
      2001,
      2001006
    ],
    "productName": "Veidņu rupjmaize Miķelis LIEPKALNI 400g",
    "productPriceOld": null,
    "productPrice": {
      "value": 1.35,
      "unit": "€"
    },
    "productPricePerUnit": {
      "value": 3.38,
      "unit": "€/kg"
    },
    "productPriceWithLoyaltyCard": null,
    "productPricePerUnitWithLoyaltyCard": null,
    "imageUrl": "https://cdn.barbora.lv/products/f0693e4a-5ee6-44b9-be77-ae54eab741ca_s.png",
    "available": true,
    "discount": null
  },
  {
    "shop": "MAXIMA",
    "categories": [
      2,
      2001,
      2001003
    ],
    "productName": "Tostermaize BROKASTU 500g",
    "productPriceOld": null,
    "productPrice": {
      "value": 1.69,
      "unit": "€"
    },
    "productPricePerUnit": {
      "value": 3.38,
      "unit": "€/kg"
    },
    "productPriceWithLoyaltyCard": null,
    "productPricePerUnitWithLoyaltyCard": null,
    "imageUrl": "https://cdn.barbora.lv/products/536ae102-606d-4103-bb6c-39100d6454d4_s.png",
    "available": true,
    "discount": null
  },
  {
    "shop": "CITRO",
    "categories": [
      1,
      1001,
      1001001
    ],
    "productName": "ALUS GRIMBERGEN BLONDE 6.7% 0.5L CAN",
    "productPriceOld": {
      "value": 1.99,
      "unit": "€"
    },
    "productPrice": {
      "value": 1.69,
      "unit": "€"
    },
    "productPricePerUnit": {
      "value": 3.38,
      "unit": "€/L"
    },
    "productPriceWithLoyaltyCard": null,
    "productPricePerUnitWithLoyaltyCard": null,
    "imageUrl": "https://rezekne.citro.lv/wp-content/uploads/2022/07/4770349231378-300x300.jpg",
    "available": true,
    "discount": 15
  },
  {
    "shop": "CITRO",
    "categories": [
      1,
      1001,
      1001001
    ],
    "productName": "ALUS GRIMBERGEN DOUBLE AMBREE 6.5% 0.5L CAN",
    "productPriceOld": {
      "value": 1.99,
      "unit": "€"
    },
    "productPrice": {
      "value": 1.69,
      "unit": "€"
    },
    "productPricePerUnit": {
      "value": 3.38,
      "unit": "€/L"
    },
    "productPriceWithLoyaltyCard": null,
    "productPricePerUnitWithLoyaltyCard": null,
    "imageUrl": "https://rezekne.citro.lv/wp-content/uploads/2022/03/4770349231385-300x300.jpg",
    "available": true,
    "discount": 15
  },
  {
    "shop": "CITRO",
    "categories": [
      1,
      1001,
      1001001
    ],
    "productName": "ALUS ALDARIS MEŽPILS 5.3% 0.5L STIKLS",
    "productPriceOld": {
      "value": 1.99,
      "unit": "€"
    },
    "productPrice": {
      "value": 1.69,
      "unit": "€"
    },
    "productPricePerUnit": {
      "value": 3.38,
      "unit": "€/L"
    },
    "productPriceWithLoyaltyCard": null,
    "productPricePerUnitWithLoyaltyCard": null,
    "imageUrl": "https://rezekne.citro.lv/wp-content/uploads/2022/03/4750049002263-300x300.jpg",
    "available": true,
    "discount": 15
  },
  {
    "shop": "CITRO",
    "categories": [
      1,
      1001,
      1001001
    ],
    "productName": "ALUS ALDARIS MEŽPILS TUMŠAIS 5.7% 0.5L STIKLS",
    "productPriceOld": {
      "value": 2.09,
      "unit": "€"
    },
    "productPrice": {
      "value": 1.69,
      "unit": "€"
    },
    "productPricePerUnit": {
      "value": 3.38,
      "unit": "€/L"
    },
    "productPriceWithLoyaltyCard": null,
    "productPricePerUnitWithLoyaltyCard": null,
    "imageUrl": "https://rezekne.citro.lv/wp-content/uploads/2023/09/ALUS-ALDARIS-MEZPILS-TUMSAIS-5.7-0.5L-STIKLS-300x300.webp",
    "available": true,
    "discount": 19
  },
  {
    "shop": "CITRO",
    "categories": [
      1,
      1003,
      1003001
    ],
    "productName": "ALUS BEZALK. MEŽPILS NO-ALC 0.5% 0.5L STIKLS",
    "productPriceOld": null,
    "productPrice": null,
    "productPricePerUnit": {
      "value": 3.38,
      "unit": "€/L"
    },
    "productPriceWithLoyaltyCard": null,
    "productPricePerUnitWithLoyaltyCard": null,
    "imageUrl": "https://rezekne.citro.lv/wp-content/uploads/2024/10/4750049003031-300x300.jpg",
    "available": true,
    "discount": null
  },
  {
    "shop": "RIMI",
    "categories": [
      1,
      1001,
      1001005
    ],
    "productName": "Alkoholisks kokteilis Džons Green Lime 5% 1l",
    "productPriceOld": null,
    "productPrice": {
      "value": 3.39,
      "unit": "€/gab"
    },
    "productPricePerUnit": {
      "value": 3.39,
      "unit": "€/l"
    },
    "productPriceWithLoyaltyCard": null,
    "productPricePerUnitWithLoyaltyCard": null,
    "imageUrl": "https://rimibaltic-res.cloudinary.com/image/upload/d_ecommerce:backend-fallback.png/MAT_1363465_PCE_LV",
    "available": true,
    "discount": null
  },
  {
    "shop": "RIMI",
    "categories": [
      1,
      1001,
      1001005
    ],
    "productName": "Alkoholisk. kokteilis Džons Grapefruit 5% 1l",
    "productPriceOld": null,
    "productPrice": {
      "value": 3.39,
      "unit": "€/gab"
    },
    "productPricePerUnit": {
      "value": 3.39,
      "unit": "€/l"
    },
    "productPriceWithLoyaltyCard": null,
    "productPricePerUnitWithLoyaltyCard": null,
    "imageUrl": "https://rimibaltic-res.cloudinary.com/image/upload/d_ecommerce:backend-fallback.png/MAT_1363472_PCE_LV",
    "available": true,
    "discount": null
  },
  {
    "shop": "MAXIMA",
    "categories": [
      1,
      1002,
      10010020
    ],
    "productName": "Nektārs DON SIMON mango 35% 1L",
    "productPriceOld": null,
    "productPrice": {
      "value": 3.39,
      "unit": "€"
    },
    "productPricePerUnit": {
      "value": 3.39,
      "unit": "€/l"
    },
    "productPriceWithLoyaltyCard": null,
    "productPricePerUnitWithLoyaltyCard": null,
    "imageUrl": "https://cdn.barbora.lv/products/9b9fe4e0-1164-4efd-9d66-6859d6854b15_s.png",
    "available": true,
    "discount": null
  },
  {
    "shop": "MAXIMA",
    "categories": [
      1,
      1001,
      1001005
    ],
    "productName": "Alkoholiskais kokteilis CĒSU DŽONS GREEN LIME 5% 1L D",
    "productPriceOld": null,
    "productPrice": {
      "value": 3.39,
      "unit": "€"
    },
    "productPricePerUnit": {
      "value": 3.39,
      "unit": "€/l"
    },
    "productPriceWithLoyaltyCard": null,
    "productPricePerUnitWithLoyaltyCard": null,
    "imageUrl": "https://cdn.barbora.lv/products/f16c756b-e7cb-4fae-8fc3-7355582f42da_s.png",
    "available": true,
    "discount": null
  },
  {
    "shop": "MAXIMA",
    "categories": [
      1,
      1001,
      1001005
    ],
    "productName": "Alkoholiskais kokteilis CĒSU DŽONS GRAPEFRUIT 5% 1L D",
    "productPriceOld": null,
    "productPrice": {
      "value": 3.39,
      "unit": "€"
    },
    "productPricePerUnit": {
      "value": 3.39,
      "unit": "€/l"
    },
    "productPriceWithLoyaltyCard": null,
    "productPricePerUnitWithLoyaltyCard": null,
    "imageUrl": "https://cdn.barbora.lv/products/06c3f71b-ee77-492a-98da-d4241b4deb58_s.png",
    "available": true,
    "discount": null
  },
  {
    "shop": "MAXIMA",
    "categories": [
      1,
      1001,
      1001005
    ],
    "productName": "Alkoholiskais kokteilis CĒSU DŽONS Pink Panda 5% 1L D",
    "productPriceOld": null,
    "productPrice": {
      "value": 3.39,
      "unit": "€"
    },
    "productPricePerUnit": {
      "value": 3.39,
      "unit": "€/l"
    },
    "productPriceWithLoyaltyCard": null,
    "productPricePerUnitWithLoyaltyCard": null,
    "imageUrl": "https://cdn.barbora.lv/products/c07880ef-87b4-4595-9742-5114d3e6f312_s.png",
    "available": true,
    "discount": null
  },
  {
    "shop": "MAXIMA",
    "categories": [
      1,
      1001,
      1001005
    ],
    "productName": "Alkoholiskais kokteilis CĒSU DŽONS BLUE ICE 5% 1L D",
    "productPriceOld": null,
    "productPrice": {
      "value": 3.39,
      "unit": "€"
    },
    "productPricePerUnit": {
      "value": 3.39,
      "unit": "€/l"
    },
    "productPriceWithLoyaltyCard": null,
    "productPricePerUnitWithLoyaltyCard": null,
    "imageUrl": "https://cdn.barbora.lv/products/d5e843d6-1544-48e6-bb53-af6cfd7ab516_s.png",
    "available": true,
    "discount": null
  },
  {
    "shop": "MAXIMA",
    "categories": [
      2,
      2001,
      2001003
    ],
    "productName": "Tostermaize 5 graudu 440g",
    "productPriceOld": null,
    "productPrice": {
      "value": 1.49,
      "unit": "€"
    },
    "productPricePerUnit": {
      "value": 3.39,
      "unit": "€/kg"
    },
    "productPriceWithLoyaltyCard": null,
    "productPricePerUnitWithLoyaltyCard": null,
    "imageUrl": "https://cdn.barbora.lv/products/1d75b9d1-f367-48a0-aced-ba646341fe2d_s.png",
    "available": true,
    "discount": null
  },
  {
    "shop": "CITRO",
    "categories": [
      1,
      1001,
      1001002
    ],
    "productName": "SIDRS ĀBOLU LUCKY DOG AR VANIĻAS GARŠU 5% 1L",
    "productPriceOld": null,
    "productPrice": null,
    "productPricePerUnit": {
      "value": 3.39,
      "unit": "€/L"
    },
    "productPriceWithLoyaltyCard": null,
    "productPricePerUnitWithLoyaltyCard": null,
    "imageUrl": "https://rezekne.citro.lv/wp-content/uploads/2022/02/4750021010828-300x300.jpg",
    "available": true,
    "discount": null
  },
  {
    "shop": "RIMI",
    "categories": [
      2,
      2001,
      2001002
    ],
    "productName": "Karaša Liepkalni 350g",
    "productPriceOld": null,
    "productPrice": {
      "value": 1.19,
      "unit": "€/gab"
    },
    "productPricePerUnit": {
      "value": 3.4,
      "unit": "€/kg"
    },
    "productPriceWithLoyaltyCard": null,
    "productPricePerUnitWithLoyaltyCard": null,
    "imageUrl": "https://rimibaltic-res.cloudinary.com/image/upload/d_ecommerce:backend-fallback.png/MAT_979224_PCE_LV",
    "available": true,
    "discount": null
  },
  {
    "shop": "RIMI",
    "categories": [
      2,
      2001,
      2001003
    ],
    "productName": "Rudzu tostermaize Fazer Gardā Mini 350g",
    "productPriceOld": null,
    "productPrice": {
      "value": 1.19,
      "unit": "€/gab"
    },
    "productPricePerUnit": {
      "value": 3.4,
      "unit": "€/kg"
    },
    "productPriceWithLoyaltyCard": null,
    "productPricePerUnitWithLoyaltyCard": null,
    "imageUrl": "https://rimibaltic-res.cloudinary.com/image/upload/d_ecommerce:backend-fallback.png/MAT_4006123_PCE_LV",
    "available": true,
    "discount": null
  },
  {
    "shop": "MAXIMA",
    "categories": [
      2,
      2001,
      2001002
    ],
    "productName": "Baltmaize Mākoņmaize DRUVA XXL 350g",
    "productPriceOld": null,
    "productPrice": {
      "value": 1.19,
      "unit": "€"
    },
    "productPricePerUnit": {
      "value": 3.4,
      "unit": "€/kg"
    },
    "productPriceWithLoyaltyCard": null,
    "productPricePerUnitWithLoyaltyCard": null,
    "imageUrl": "https://cdn.barbora.lv/products/c4fc8c45-64db-425b-a897-f9145a5f827e_s.png",
    "available": true,
    "discount": null
  },
  {
    "shop": "CITRO",
    "categories": [
      1,
      1002,
      10010027
    ],
    "productName": "KAFIJAS DZĒRIENS EIS LATTE MACCIATO 250G",
    "productPriceOld": {
      "value": 0.99,
      "unit": "€"
    },
    "productPrice": {
      "value": 0.85,
      "unit": "€"
    },
    "productPricePerUnit": {
      "value": 3.4,
      "unit": "€/KG"
    },
    "productPriceWithLoyaltyCard": null,
    "productPricePerUnitWithLoyaltyCard": null,
    "imageUrl": "https://rezekne.citro.lv/wp-content/uploads/2022/06/4003490092780-300x300.jpg",
    "available": true,
    "discount": 14
  },
  {
    "shop": "CITRO",
    "categories": [
      2,
      2001,
      2001002
    ],
    "productName": "BALTMAIZE ZELTENE SALDĀ 350G LATVIJASM",
    "productPriceOld": {
      "value": 1.49,
      "unit": "€"
    },
    "productPrice": {
      "value": 1.19,
      "unit": "€"
    },
    "productPricePerUnit": {
      "value": 3.4,
      "unit": "€/KG"
    },
    "productPriceWithLoyaltyCard": null,
    "productPricePerUnitWithLoyaltyCard": null,
    "imageUrl": "https://rezekne.citro.lv/wp-content/uploads/2020/09/4750192741828-300x300.jpg",
    "available": true,
    "discount": 20
  },
  {
    "shop": "MAXIMA",
    "categories": [
      1,
      1002,
      10010024
    ],
    "productName": "Minerālūdens ACQUA PANNA negāzēts 750ml D",
    "productPriceOld": null,
    "productPrice": {
      "value": 2.56,
      "unit": "€"
    },
    "productPricePerUnit": {
      "value": 3.41,
      "unit": "€/l"
    },
    "productPriceWithLoyaltyCard": null,
    "productPricePerUnitWithLoyaltyCard": null,
    "imageUrl": "https://cdn.barbora.lv/products/7cc982a7-4b81-486a-a88a-b30d136d3aec_s.png",
    "available": true,
    "discount": null
  },
  {
    "shop": "RIMI",
    "categories": [
      2,
      2001,
      20010015
    ],
    "productName": "Rīvmaize Rimi 400g",
    "productPriceOld": null,
    "productPrice": {
      "value": 1.37,
      "unit": "€/gab"
    },
    "productPricePerUnit": {
      "value": 3.42,
      "unit": "€/kg"
    },
    "productPriceWithLoyaltyCard": null,
    "productPricePerUnitWithLoyaltyCard": null,
    "imageUrl": "https://rimibaltic-res.cloudinary.com/image/upload/d_ecommerce:backend-fallback.png/MAT_807909_PCE_LV",
    "available": true,
    "discount": null
  },
  {
    "shop": "RIMI",
    "categories": [
      1,
      1002,
      10010022
    ],
    "productName": "Enerģijas dzēriens Monster Mega Energy 0,553l",
    "productPriceOld": null,
    "productPrice": {
      "value": 1.89,
      "unit": "€/gab"
    },
    "productPricePerUnit": {
      "value": 3.42,
      "unit": "€/l"
    },
    "productPriceWithLoyaltyCard": null,
    "productPricePerUnitWithLoyaltyCard": null,
    "imageUrl": "https://rimibaltic-res.cloudinary.com/image/upload/d_ecommerce:backend-fallback.png/MAT_1360251_PCE_LV",
    "available": true,
    "discount": null
  },
  {
    "shop": "MAXIMA",
    "categories": [
      1,
      1001,
      1001001
    ],
    "productName": "Alus CĒSU Senču Oriģinālais 4,6% 0,5L D",
    "productPriceOld": null,
    "productPrice": {
      "value": 1.71,
      "unit": "€"
    },
    "productPricePerUnit": {
      "value": 3.42,
      "unit": "€/l"
    },
    "productPriceWithLoyaltyCard": null,
    "productPricePerUnitWithLoyaltyCard": null,
    "imageUrl": "https://cdn.barbora.lv/products/152db7f7-d5a8-4c03-9cad-7bd6a9fc30fd_s.png",
    "available": true,
    "discount": null
  },
  {
    "shop": "MAXIMA",
    "categories": [
      1,
      1001,
      1001001
    ],
    "productName": "Alus PIEBALGAS MEDNIEKU 4,7% 0,5L D",
    "productPriceOld": null,
    "productPrice": {
      "value": 1.71,
      "unit": "€"
    },
    "productPricePerUnit": {
      "value": 3.42,
      "unit": "€/l"
    },
    "productPriceWithLoyaltyCard": null,
    "productPricePerUnitWithLoyaltyCard": null,
    "imageUrl": "https://cdn.barbora.lv/products/18967c28-7f4a-4390-b3b7-6291637a04d4_s.png",
    "available": true,
    "discount": null
  },
  {
    "shop": "RIMI",
    "categories": [
      2,
      2001,
      2001006
    ],
    "productName": "Rupjmaize Lielezers Alberts plaucēta 810g",
    "productPriceOld": null,
    "productPrice": {
      "value": 2.79,
      "unit": "€/gab"
    },
    "productPricePerUnit": {
      "value": 3.44,
      "unit": "€/kg"
    },
    "productPriceWithLoyaltyCard": null,
    "productPricePerUnitWithLoyaltyCard": null,
    "imageUrl": "https://rimibaltic-res.cloudinary.com/image/upload/d_ecommerce:backend-fallback.png/MAT_211438_PCE_LV",
    "available": true,
    "discount": null
  },
  {
    "shop": "MAXIMA",
    "categories": [
      1,
      1001,
      1001001
    ],
    "productName": "Alus IĻĢUCIEMA medalus oriģinālais 5,5% 1L PET D",
    "productPriceOld": null,
    "productPrice": {
      "value": 3.44,
      "unit": "€"
    },
    "productPricePerUnit": {
      "value": 3.44,
      "unit": "€/l"
    },
    "productPriceWithLoyaltyCard": null,
    "productPricePerUnitWithLoyaltyCard": null,
    "imageUrl": "https://cdn.barbora.lv/products/5f5a71dc-956c-4082-9951-a2aa62f97297_s.png",
    "available": true,
    "discount": null
  },
  {
    "shop": "MAXIMA",
    "categories": [
      2,
      2001,
      2001007
    ],
    "productName": "Kliju maize DRUVA SPĒKAVOTA 250g",
    "productPriceOld": {
      "value": 1.15,
      "unit": "€"
    },
    "productPrice": {
      "value": 0.86,
      "unit": "€"
    },
    "productPricePerUnit": {
      "value": 3.44,
      "unit": "€/kg"
    },
    "productPriceWithLoyaltyCard": null,
    "productPricePerUnitWithLoyaltyCard": null,
    "imageUrl": "https://cdn.barbora.lv/products/288c9a6c-7b7c-483b-9b62-35e878d133ad_s.png",
    "available": true,
    "discount": 25
  },
  {
    "shop": "MAXIMA",
    "categories": [
      2,
      2001,
      20010015
    ],
    "productName": "Rīvmaize kviešu HM 375g",
    "productPriceOld": null,
    "productPrice": {
      "value": 1.29,
      "unit": "€"
    },
    "productPricePerUnit": {
      "value": 3.44,
      "unit": "€/kg"
    },
    "productPriceWithLoyaltyCard": null,
    "productPricePerUnitWithLoyaltyCard": null,
    "imageUrl": "https://cdn.barbora.lv/products/7cfc7b70-5310-4c96-a382-2cb1e9b7b16f_s.png",
    "available": true,
    "discount": null
  },
  {
    "shop": "CITRO",
    "categories": [
      2,
      2001,
      2001003
    ],
    "productName": "TOSTERMAIZE SĒKLU BAGĀTĪGĀ 450G FAZER",
    "productPriceOld": {
      "value": 2.39,
      "unit": "€"
    },
    "productPrice": {
      "value": 1.55,
      "unit": "€"
    },
    "productPricePerUnit": {
      "value": 3.44,
      "unit": "€/KG"
    },
    "productPriceWithLoyaltyCard": null,
    "productPricePerUnitWithLoyaltyCard": null,
    "imageUrl": "https://rezekne.citro.lv/wp-content/uploads/2020/05/4750212902147-300x300.jpg",
    "available": true,
    "discount": 35
  },
  {
    "shop": "RIMI",
    "categories": [
      2,
      2001,
      2001008
    ],
    "productName": "Maize graudu bez pievienota cukura 200g",
    "productPriceOld": {
      "value": 0.89,
      "unit": "€"
    },
    "productPrice": {
      "value": 0.69,
      "unit": "€/gab"
    },
    "productPricePerUnit": {
      "value": 3.45,
      "unit": "€/kg"
    },
    "productPriceWithLoyaltyCard": null,
    "productPricePerUnitWithLoyaltyCard": null,
    "imageUrl": "https://rimibaltic-res.cloudinary.com/image/upload/d_ecommerce:backend-fallback.png/MAT_909875_PCE_LV",
    "available": true,
    "discount": 22
  },
  {
    "shop": "RIMI",
    "categories": [
      2,
      2001,
      2001004
    ],
    "productName": "Rudzu maize Latvijas graudu ar sēk. 390g",
    "productPriceOld": null,
    "productPrice": {
      "value": 1.35,
      "unit": "€/gab"
    },
    "productPricePerUnit": {
      "value": 3.46,
      "unit": "€/kg"
    },
    "productPriceWithLoyaltyCard": null,
    "productPricePerUnitWithLoyaltyCard": null,
    "imageUrl": "https://rimibaltic-res.cloudinary.com/image/upload/d_ecommerce:backend-fallback.png/MAT_952302_PCE_LV",
    "available": true,
    "discount": null
  },
  {
    "shop": "RIMI",
    "categories": [
      1,
      1002,
      10010020
    ],
    "productName": "Dzēr.Kubuš play burkānu-zemeņu-laima 0.4l",
    "productPriceOld": null,
    "productPrice": {
      "value": 1.39,
      "unit": "€/gab"
    },
    "productPricePerUnit": {
      "value": 3.47,
      "unit": "€/l"
    },
    "productPriceWithLoyaltyCard": null,
    "productPricePerUnitWithLoyaltyCard": null,
    "imageUrl": "https://rimibaltic-res.cloudinary.com/image/upload/d_ecommerce:backend-fallback.png/MAT_1353723_PCE_LV",
    "available": true,
    "discount": null
  },
  {
    "shop": "RIMI",
    "categories": [
      1,
      1002,
      10010020
    ],
    "productName": "Dzēr.Kubuš play arbūzu 0.4l",
    "productPriceOld": null,
    "productPrice": {
      "value": 1.39,
      "unit": "€/gab"
    },
    "productPricePerUnit": {
      "value": 3.47,
      "unit": "€/l"
    },
    "productPriceWithLoyaltyCard": null,
    "productPricePerUnitWithLoyaltyCard": null,
    "imageUrl": "https://rimibaltic-res.cloudinary.com/image/upload/d_ecommerce:backend-fallback.png/MAT_900206_PCE_LV",
    "available": true,
    "discount": null
  },
  {
    "shop": "RIMI",
    "categories": [
      1,
      1002,
      10010020
    ],
    "productName": "Sula Kubuš Play burkānu, aveņu, laima 0,4l",
    "productPriceOld": null,
    "productPrice": {
      "value": 1.39,
      "unit": "€/gab"
    },
    "productPricePerUnit": {
      "value": 3.47,
      "unit": "€/l"
    },
    "productPriceWithLoyaltyCard": null,
    "productPricePerUnitWithLoyaltyCard": null,
    "imageUrl": "https://rimibaltic-res.cloudinary.com/image/upload/d_ecommerce:backend-fallback.png/MAT_1360616_PCE_LV",
    "available": true,
    "discount": null
  },
  {
    "shop": "MAXIMA",
    "categories": [
      1,
      1002,
      10010021
    ],
    "productName": "Gāzēts dzēriens ROYAL CLUB GINGER ALE 0,33L D",
    "productPriceOld": null,
    "productPrice": {
      "value": 1.15,
      "unit": "€"
    },
    "productPricePerUnit": {
      "value": 3.48,
      "unit": "€/l"
    },
    "productPriceWithLoyaltyCard": null,
    "productPricePerUnitWithLoyaltyCard": null,
    "imageUrl": "https://cdn.barbora.lv/products/4ed6cd70-5dd3-4556-9d9d-4773aeff1aa6_s.png",
    "available": true,
    "discount": null
  },
  {
    "shop": "MAXIMA",
    "categories": [
      1,
      1002,
      10010021
    ],
    "productName": "Gāzēts dzēriens ROYAL CLUB TONIC 0,33L D",
    "productPriceOld": null,
    "productPrice": {
      "value": 1.15,
      "unit": "€"
    },
    "productPricePerUnit": {
      "value": 3.48,
      "unit": "€/l"
    },
    "productPriceWithLoyaltyCard": null,
    "productPricePerUnitWithLoyaltyCard": null,
    "imageUrl": "https://cdn.barbora.lv/products/534b1cd2-a008-4d4b-869f-aef90904e041_s.png",
    "available": true,
    "discount": null
  },
  {
    "shop": "MAXIMA",
    "categories": [
      1,
      1002,
      10010020
    ],
    "productName": "Sulas dzēriens KUBUŠ arbūzu 0,4L D",
    "productPriceOld": null,
    "productPrice": {
      "value": 1.39,
      "unit": "€"
    },
    "productPricePerUnit": {
      "value": 3.48,
      "unit": "€/l"
    },
    "productPriceWithLoyaltyCard": null,
    "productPricePerUnitWithLoyaltyCard": null,
    "imageUrl": "https://cdn.barbora.lv/products/a47dc07d-1cc2-40cf-8b4a-17f30bcd0d49_s.png",
    "available": true,
    "discount": null
  },
  {
    "shop": "MAXIMA",
    "categories": [
      1,
      1002,
      10010020
    ],
    "productName": "Sul.dz.KUBUS PL.burk.zem.laima20% 0,4L D",
    "productPriceOld": null,
    "productPrice": {
      "value": 1.39,
      "unit": "€"
    },
    "productPricePerUnit": {
      "value": 3.48,
      "unit": "€/l"
    },
    "productPriceWithLoyaltyCard": null,
    "productPricePerUnitWithLoyaltyCard": null,
    "imageUrl": "https://cdn.barbora.lv/products/9b3c67ae-2ed5-4122-8078-88a41f5752f8_s.png",
    "available": true,
    "discount": null
  },
  {
    "shop": "MAXIMA",
    "categories": [
      1,
      1002,
      10010020
    ],
    "productName": "Sul.dz.KUBUS PL.burk.av.laima 20%0,4L D",
    "productPriceOld": null,
    "productPrice": {
      "value": 1.39,
      "unit": "€"
    },
    "productPricePerUnit": {
      "value": 3.48,
      "unit": "€/l"
    },
    "productPriceWithLoyaltyCard": null,
    "productPricePerUnitWithLoyaltyCard": null,
    "imageUrl": "https://cdn.barbora.lv/products/e4b16634-e95e-4632-8f66-abd8c4d80b89_s.png",
    "available": true,
    "discount": null
  },
  {
    "shop": "RIMI",
    "categories": [
      2,
      2001,
      2001004
    ],
    "productName": "Rudzu saldskābmaize Ķelmēni sagriezta 800g",
    "productPriceOld": null,
    "productPrice": {
      "value": 2.79,
      "unit": "€/gab"
    },
    "productPricePerUnit": {
      "value": 3.49,
      "unit": "€/kg"
    },
    "productPriceWithLoyaltyCard": null,
    "productPricePerUnitWithLoyaltyCard": null,
    "imageUrl": "https://rimibaltic-res.cloudinary.com/image/upload/d_ecommerce:backend-fallback.png/MAT_258802_PCE_LV",
    "available": true,
    "discount": null
  },
  {
    "shop": "CITRO",
    "categories": [
      1,
      1001,
      1001002
    ],
    "productName": "SIDRS SOMERSBY BLUE LEMON LIGHT 4.5% 1L PET",
    "productPriceOld": null,
    "productPrice": null,
    "productPricePerUnit": {
      "value": 3.49,
      "unit": "€/L"
    },
    "productPriceWithLoyaltyCard": null,
    "productPricePerUnitWithLoyaltyCard": null,
    "imageUrl": "https://rezekne.citro.lv/wp-content/uploads/2024/07/4740019002713-300x300.jpg",
    "available": true,
    "discount": null
  },
  {
    "shop": "RIMI",
    "categories": [
      2,
      2001,
      2001004
    ],
    "productName": "Alus Brūža Rudzugraudu 4,2% 0,5l",
    "productPriceOld": null,
    "productPrice": {
      "value": 1.75,
      "unit": "€/gab"
    },
    "productPricePerUnit": {
      "value": 3.5,
      "unit": "€/l"
    },
    "productPriceWithLoyaltyCard": null,
    "productPricePerUnitWithLoyaltyCard": null,
    "imageUrl": "https://rimibaltic-res.cloudinary.com/image/upload/d_ecommerce:backend-fallback.png/MAT_1368199_PCE_LV",
    "available": true,
    "discount": null
  },
  {
    "shop": "RIMI",
    "categories": [
      1,
      1001,
      1001001
    ],
    "productName": "Alus Madonas lāgeris 5,2% 0,5l",
    "productPriceOld": null,
    "productPrice": {
      "value": 2.25,
      "unit": "€/gab"
    },
    "productPricePerUnit": {
      "value": 4.5,
      "unit": "€/l"
    },
    "productPriceWithLoyaltyCard": {
      "value": 1.75,
      "unit": "€"
    },
    "productPricePerUnitWithLoyaltyCard": {
      "value": 3.5,
      "unit": "€/l"
    },
    "imageUrl": "https://rimibaltic-res.cloudinary.com/image/upload/d_ecommerce:backend-fallback.png/MAT_1362108_PCE_LV",
    "available": true,
    "discount": 22
  },
  {
    "shop": "RIMI",
    "categories": [
      1,
      1001,
      1001001
    ],
    "productName": "Alus Brūža Blondais Lāgers 5,2% 0,5L",
    "productPriceOld": null,
    "productPrice": {
      "value": 1.75,
      "unit": "€/gab"
    },
    "productPricePerUnit": {
      "value": 3.5,
      "unit": "€/l"
    },
    "productPriceWithLoyaltyCard": null,
    "productPricePerUnitWithLoyaltyCard": null,
    "imageUrl": "https://rimibaltic-res.cloudinary.com/image/upload/d_ecommerce:backend-fallback.png/MAT_1373991_PCE_LV",
    "available": true,
    "discount": null
  },
  {
    "shop": "RIMI",
    "categories": [
      1,
      1001,
      1001001
    ],
    "productName": "Alus Lielvārdes tumšais 5,6% 0,5l",
    "productPriceOld": null,
    "productPrice": {
      "value": 2.15,
      "unit": "€/gab"
    },
    "productPricePerUnit": {
      "value": 4.3,
      "unit": "€/l"
    },
    "productPriceWithLoyaltyCard": {
      "value": 1.75,
      "unit": "€"
    },
    "productPricePerUnitWithLoyaltyCard": {
      "value": 3.5,
      "unit": "€/l"
    },
    "imageUrl": "https://rimibaltic-res.cloudinary.com/image/upload/d_ecommerce:backend-fallback.png/MAT_7082751_PCE_LV",
    "available": true,
    "discount": 19
  },
  {
    "shop": "RIMI",
    "categories": [
      1,
      1001,
      1001001
    ],
    "productName": "Alus Piebalgas Mednieku 4,7% 0,5l",
    "productPriceOld": null,
    "productPrice": {
      "value": 1.75,
      "unit": "€/gab"
    },
    "productPricePerUnit": {
      "value": 3.5,
      "unit": "€/l"
    },
    "productPriceWithLoyaltyCard": null,
    "productPricePerUnitWithLoyaltyCard": null,
    "imageUrl": "https://rimibaltic-res.cloudinary.com/image/upload/d_ecommerce:backend-fallback.png/MAT_1353216_PCE_LV",
    "available": true,
    "discount": null
  },
  {
    "shop": "RIMI",
    "categories": [
      1,
      1001,
      1001001
    ],
    "productName": "Alus Foster's 4,5% 500ml",
    "productPriceOld": null,
    "productPrice": {
      "value": 1.75,
      "unit": "€/gab"
    },
    "productPricePerUnit": {
      "value": 3.5,
      "unit": "€/l"
    },
    "productPriceWithLoyaltyCard": null,
    "productPricePerUnitWithLoyaltyCard": null,
    "imageUrl": "https://rimibaltic-res.cloudinary.com/image/upload/d_ecommerce:backend-fallback.png/MAT_1374115_PCE_LV",
    "available": true,
    "discount": null
  },
  {
    "shop": "RIMI",
    "categories": [
      1,
      1001,
      1001001
    ],
    "productName": "Alus dzēriens Zelta C!der upeņu 4,5% 0,5l",
    "productPriceOld": null,
    "productPrice": {
      "value": 1.75,
      "unit": "€/gab"
    },
    "productPricePerUnit": {
      "value": 3.5,
      "unit": "€/l"
    },
    "productPriceWithLoyaltyCard": null,
    "productPricePerUnitWithLoyaltyCard": null,
    "imageUrl": "https://rimibaltic-res.cloudinary.com/image/upload/d_ecommerce:backend-fallback.png/MAT_1362282_PCE_LV",
    "available": true,
    "discount": null
  },
  {
    "shop": "MAXIMA",
    "categories": [
      1,
      1002,
      10010022
    ],
    "productName": "Enerģijas dzēriens MONSTER Ultra White Zero 0,5L D",
    "productPriceOld": null,
    "productPrice": {
      "value": 1.75,
      "unit": "€"
    },
    "productPricePerUnit": {
      "value": 3.5,
      "unit": "€/l"
    },
    "productPriceWithLoyaltyCard": null,
    "productPricePerUnitWithLoyaltyCard": null,
    "imageUrl": "https://cdn.barbora.lv/products/061cba0b-9e1e-4f3b-bea6-d80aadd86df7_s.png",
    "available": true,
    "discount": null
  },
  {
    "shop": "MAXIMA",
    "categories": [
      1,
      1002,
      10010022
    ],
    "productName": "Enerģijas dzēriens MONSTER Juice Mango Loco 0,5L D",
    "productPriceOld": null,
    "productPrice": {
      "value": 1.75,
      "unit": "€"
    },
    "productPricePerUnit": {
      "value": 3.5,
      "unit": "€/l"
    },
    "productPriceWithLoyaltyCard": null,
    "productPricePerUnitWithLoyaltyCard": null,
    "imageUrl": "https://cdn.barbora.lv/products/3eebb388-f157-4de6-bbd4-7846ddf192ec_s.png",
    "available": true,
    "discount": null
  },
  {
    "shop": "MAXIMA",
    "categories": [
      1,
      1002,
      10010022
    ],
    "productName": "Enerģijas dzēriens MONSTER Energy LH44 Zero 0,5L D",
    "productPriceOld": null,
    "productPrice": {
      "value": 1.75,
      "unit": "€"
    },
    "productPricePerUnit": {
      "value": 3.5,
      "unit": "€/l"
    },
    "productPriceWithLoyaltyCard": null,
    "productPricePerUnitWithLoyaltyCard": null,
    "imageUrl": "https://cdn.barbora.lv/products/05424fbc-84b8-4697-88bd-47fe5ac41257_s.png",
    "available": true,
    "discount": null
  },
  {
    "shop": "MAXIMA",
    "categories": [
      1,
      1002,
      10010022
    ],
    "productName": "Enerģijas dzēriens MONSTER Ultra Fiesta Zero0,5L D",
    "productPriceOld": null,
    "productPrice": {
      "value": 1.75,
      "unit": "€"
    },
    "productPricePerUnit": {
      "value": 3.5,
      "unit": "€/l"
    },
    "productPriceWithLoyaltyCard": null,
    "productPricePerUnitWithLoyaltyCard": null,
    "imageUrl": "https://cdn.barbora.lv/products/7872837d-63fb-42ef-b84a-324b5129146c_s.png",
    "available": true,
    "discount": null
  },
  {
    "shop": "MAXIMA",
    "categories": [
      1,
      1002,
      10010022
    ],
    "productName": "Enerģijas dzēriens MONSTER Ultra Watermelon Zero0,5L D",
    "productPriceOld": null,
    "productPrice": {
      "value": 1.75,
      "unit": "€"
    },
    "productPricePerUnit": {
      "value": 3.5,
      "unit": "€/l"
    },
    "productPriceWithLoyaltyCard": null,
    "productPricePerUnitWithLoyaltyCard": null,
    "imageUrl": "https://cdn.barbora.lv/products/fd08d446-284d-4027-a592-d5ac0294d657_s.png",
    "available": true,
    "discount": null
  },
  {
    "shop": "MAXIMA",
    "categories": [
      1,
      1002,
      10010022
    ],
    "productName": "Enerģijas dzēriens MONSTER Juice Khaotic 0,5L D",
    "productPriceOld": null,
    "productPrice": {
      "value": 1.75,
      "unit": "€"
    },
    "productPricePerUnit": {
      "value": 3.5,
      "unit": "€/l"
    },
    "productPriceWithLoyaltyCard": null,
    "productPricePerUnitWithLoyaltyCard": null,
    "imageUrl": "https://cdn.barbora.lv/products/7659605d-1eda-4298-8f00-0c79b5022311_s.png",
    "available": true,
    "discount": null
  },
  {
    "shop": "MAXIMA",
    "categories": [
      1,
      1002,
      10010022
    ],
    "productName": "Enerģijas dzēriens MONSTER Juice Monarch 0,5L D",
    "productPriceOld": null,
    "productPrice": {
      "value": 1.75,
      "unit": "€"
    },
    "productPricePerUnit": {
      "value": 3.5,
      "unit": "€/l"
    },
    "productPriceWithLoyaltyCard": null,
    "productPricePerUnitWithLoyaltyCard": null,
    "imageUrl": "https://cdn.barbora.lv/products/23ae10a1-6a22-4d30-9333-d360417a4be8_s.png",
    "available": true,
    "discount": null
  },
  {
    "shop": "MAXIMA",
    "categories": [
      1,
      1001,
      1001001
    ],
    "productName": "Alus HEINEKEN 5% 500ml skārd.D",
    "productPriceOld": null,
    "productPrice": {
      "value": 1.75,
      "unit": "€"
    },
    "productPricePerUnit": {
      "value": 3.5,
      "unit": "€/l"
    },
    "productPriceWithLoyaltyCard": null,
    "productPricePerUnitWithLoyaltyCard": null,
    "imageUrl": "https://cdn.barbora.lv/products/cd5cfec5-869e-48c9-a735-ae6964f2f18d_s.png",
    "available": true,
    "discount": null
  },
  {
    "shop": "MAXIMA",
    "categories": [
      1,
      1001,
      1001001
    ],
    "productName": "Alus BRĀLIS gaišais nefiltrēts 5,3% 2L D",
    "productPriceOld": null,
    "productPrice": {
      "value": 6.99,
      "unit": "€"
    },
    "productPricePerUnit": {
      "value": 3.5,
      "unit": "€/l"
    },
    "productPriceWithLoyaltyCard": null,
    "productPricePerUnitWithLoyaltyCard": null,
    "imageUrl": "https://cdn.barbora.lv/products/2af03866-94ad-450d-9c54-d0e1f402e781_s.png",
    "available": true,
    "discount": null
  },
  {
    "shop": "CITRO",
    "categories": [
      1,
      1001,
      1001001
    ],
    "productName": "ALUS ALDARIS IZLASES ĶIRŠU 4.5% 0.5L STIKLS",
    "productPriceOld": null,
    "productPrice": null,
    "productPricePerUnit": {
      "value": 3.5,
      "unit": "€/L"
    },
    "productPriceWithLoyaltyCard": null,
    "productPricePerUnitWithLoyaltyCard": null,
    "imageUrl": "https://rezekne.citro.lv/wp-content/uploads/2022/03/4750049002515-300x300.png",
    "available": true,
    "discount": null
  },
  {
    "shop": "MAXIMA",
    "categories": [
      2,
      2001,
      2001005
    ],
    "productName": "Saldskābmaize Liepkalni Lauku 370g",
    "productPriceOld": null,
    "productPrice": {
      "value": 1.3,
      "unit": "€"
    },
    "productPricePerUnit": {
      "value": 3.51,
      "unit": "€/kg"
    },
    "productPriceWithLoyaltyCard": null,
    "productPricePerUnitWithLoyaltyCard": null,
    "imageUrl": "https://cdn.barbora.lv/products/04b738d1-b416-4b5b-8c2b-e122d1bc2e44_s.png",
    "available": true,
    "discount": null
  },
  {
    "shop": "MAXIMA",
    "categories": [
      1,
      1002,
      10010021
    ],
    "productName": "Gāz.dz. NATAKHTARI SAPERAVI 500ml stik.D",
    "productPriceOld": null,
    "productPrice": {
      "value": 1.76,
      "unit": "€"
    },
    "productPricePerUnit": {
      "value": 3.52,
      "unit": "€/l"
    },
    "productPriceWithLoyaltyCard": null,
    "productPricePerUnitWithLoyaltyCard": null,
    "imageUrl": "https://cdn.barbora.lv/products/091a9933-1494-4d88-8780-e752ea054bea_s.png",
    "available": true,
    "discount": null
  },
  {
    "shop": "MAXIMA",
    "categories": [
      1,
      1002,
      10010021
    ],
    "productName": "Gāz.dz. NATAKHTARI TARHŪNS 0,5L stikls D",
    "productPriceOld": null,
    "productPrice": {
      "value": 1.76,
      "unit": "€"
    },
    "productPricePerUnit": {
      "value": 3.52,
      "unit": "€/l"
    },
    "productPriceWithLoyaltyCard": null,
    "productPricePerUnitWithLoyaltyCard": null,
    "imageUrl": "https://cdn.barbora.lv/products/b67367cd-675e-463b-8f01-7da6abc64363_s.png",
    "available": true,
    "discount": null
  },
  {
    "shop": "MAXIMA",
    "categories": [
      1,
      1002,
      10010021
    ],
    "productName": "Gāz.dz.NATAKHTARI BUMBIERIS 0,5L stik.D",
    "productPriceOld": null,
    "productPrice": {
      "value": 1.76,
      "unit": "€"
    },
    "productPricePerUnit": {
      "value": 3.52,
      "unit": "€/l"
    },
    "productPriceWithLoyaltyCard": null,
    "productPricePerUnitWithLoyaltyCard": null,
    "imageUrl": "https://cdn.barbora.lv/products/0b4440f5-aae9-464e-9c96-fa179d9e97d0_s.png",
    "available": true,
    "discount": null
  },
  {
    "shop": "MAXIMA",
    "categories": [
      1,
      1002,
      10010021
    ],
    "productName": "Gāzēts dzēr. NATAKHTARI Bārbeles 0,5L D",
    "productPriceOld": null,
    "productPrice": {
      "value": 1.76,
      "unit": "€"
    },
    "productPricePerUnit": {
      "value": 3.52,
      "unit": "€/l"
    },
    "productPriceWithLoyaltyCard": null,
    "productPricePerUnitWithLoyaltyCard": null,
    "imageUrl": "https://cdn.barbora.lv/products/2769e1a7-5ca8-4232-8ceb-e9168a8e2eae_s.png",
    "available": true,
    "discount": null
  },
  {
    "shop": "MAXIMA",
    "categories": [
      1,
      1002,
      10010021
    ],
    "productName": "Gāzēts dzēr. NATAKHTARI Feihoja 0,5L D",
    "productPriceOld": null,
    "productPrice": {
      "value": 1.76,
      "unit": "€"
    },
    "productPricePerUnit": {
      "value": 3.52,
      "unit": "€/l"
    },
    "productPriceWithLoyaltyCard": null,
    "productPricePerUnitWithLoyaltyCard": null,
    "imageUrl": "https://cdn.barbora.lv/products/85f415d3-d496-4911-88e6-ad79d3c137ec_s.png",
    "available": true,
    "discount": null
  },
  {
    "shop": "MAXIMA",
    "categories": [
      1,
      1002,
      10010021
    ],
    "productName": "Gazēts dzēr. NATAKHTARI Krēma 0,5L D",
    "productPriceOld": null,
    "productPrice": {
      "value": 1.76,
      "unit": "€"
    },
    "productPricePerUnit": {
      "value": 3.52,
      "unit": "€/l"
    },
    "productPriceWithLoyaltyCard": null,
    "productPricePerUnitWithLoyaltyCard": null,
    "imageUrl": "https://cdn.barbora.lv/products/d2b0d2df-637b-4ed2-b097-df7ab90e376b_s.png",
    "available": true,
    "discount": null
  },
  {
    "shop": "RIMI",
    "categories": [
      1,
      1002,
      10010024
    ],
    "productName": "Minerālūd. Acqua Panna dabīgs, negāzēts 0,75l",
    "productPriceOld": null,
    "productPrice": {
      "value": 2.65,
      "unit": "€/gab"
    },
    "productPricePerUnit": {
      "value": 3.53,
      "unit": "€/l"
    },
    "productPriceWithLoyaltyCard": null,
    "productPricePerUnitWithLoyaltyCard": null,
    "imageUrl": "https://rimibaltic-res.cloudinary.com/image/upload/d_ecommerce:backend-fallback.png/MAT_153021_PCE_LV",
    "available": true,
    "discount": null
  },
  {
    "shop": "MAXIMA",
    "categories": [
      2,
      2001,
      2001003
    ],
    "productName": "Tostermaize Fazer sēklu bagātīgā 450g",
    "productPriceOld": {
      "value": 2.39,
      "unit": "€"
    },
    "productPrice": {
      "value": 2.39,
      "unit": "€"
    },
    "productPricePerUnit": {
      "value": 5.31,
      "unit": "€/kg"
    },
    "productPriceWithLoyaltyCard": {
      "value": 1.59,
      "unit": "€"
    },
    "productPricePerUnitWithLoyaltyCard": {
      "value": 3.53,
      "unit": "€/kg"
    },
    "imageUrl": "https://cdn.barbora.lv/products/54092389-1c13-4ebc-9771-37def450f554_s.png",
    "available": true,
    "discount": 33
  },
  {
    "shop": "CITRO",
    "categories": [
      2,
      2001,
      2001002
    ],
    "productName": "TOSTERMAIZE KEFĪRA VĒRTĪGĀ 450G FAZER",
    "productPriceOld": {
      "value": 1.99,
      "unit": "€"
    },
    "productPrice": {
      "value": 1.59,
      "unit": "€"
    },
    "productPricePerUnit": {
      "value": 3.53,
      "unit": "€/KG"
    },
    "productPriceWithLoyaltyCard": null,
    "productPricePerUnitWithLoyaltyCard": null,
    "imageUrl": "https://rezekne.citro.lv/wp-content/uploads/2020/12/4750212901720-300x300.jpg",
    "available": true,
    "discount": 20
  },
  {
    "shop": "RIMI",
    "categories": [
      2,
      2001,
      2001004
    ],
    "productName": "Rudzu maize Jumis Borodinas 280g",
    "productPriceOld": null,
    "productPrice": {
      "value": 0.99,
      "unit": "€/gab"
    },
    "productPricePerUnit": {
      "value": 3.54,
      "unit": "€/kg"
    },
    "productPriceWithLoyaltyCard": null,
    "productPricePerUnitWithLoyaltyCard": null,
    "imageUrl": "https://rimibaltic-res.cloudinary.com/image/upload/d_ecommerce:backend-fallback.png/MAT_987365_PCE_LV",
    "available": true,
    "discount": null
  },
  {
    "shop": "MAXIMA",
    "categories": [
      1,
      1001,
      1001001
    ],
    "productName": "Alus LIDO Dzirnavu 5% 0,5L D",
    "productPriceOld": null,
    "productPrice": {
      "value": 1.77,
      "unit": "€"
    },
    "productPricePerUnit": {
      "value": 3.54,
      "unit": "€/l"
    },
    "productPriceWithLoyaltyCard": null,
    "productPricePerUnitWithLoyaltyCard": null,
    "imageUrl": "https://cdn.barbora.lv/products/cf8ebe10-5ab6-4fc1-916a-749bdc31439c_s.png",
    "available": true,
    "discount": null
  },
  {
    "shop": "MAXIMA",
    "categories": [
      1,
      1001,
      1001001
    ],
    "productName": "Alus STAROPRAMEN gaišais 5% 0,5L D",
    "productPriceOld": null,
    "productPrice": {
      "value": 1.77,
      "unit": "€"
    },
    "productPricePerUnit": {
      "value": 3.54,
      "unit": "€/l"
    },
    "productPriceWithLoyaltyCard": null,
    "productPricePerUnitWithLoyaltyCard": null,
    "imageUrl": "https://cdn.barbora.lv/products/d6aa0e5b-6668-4845-9810-4f5343d0e54b_s.png",
    "available": true,
    "discount": null
  },
  {
    "shop": "MAXIMA",
    "categories": [
      2,
      2001,
      2001004
    ],
    "productName": "Rudzu maize ĪSTENĀ 730g",
    "productPriceOld": null,
    "productPrice": {
      "value": 2.59,
      "unit": "€"
    },
    "productPricePerUnit": {
      "value": 3.55,
      "unit": "€/kg"
    },
    "productPriceWithLoyaltyCard": null,
    "productPricePerUnitWithLoyaltyCard": null,
    "imageUrl": "https://cdn.barbora.lv/products/8a22acc1-1648-4f19-86be-dfb8c9be7f2f_s.png",
    "available": true,
    "discount": null
  },
  {
    "shop": "MAXIMA",
    "categories": [
      2,
      2001,
      2001004
    ],
    "productName": "Saldskābmaize rudzu ĪSTENĀ 730g",
    "productPriceOld": null,
    "productPrice": {
      "value": 2.59,
      "unit": "€"
    },
    "productPricePerUnit": {
      "value": 3.55,
      "unit": "€/kg"
    },
    "productPriceWithLoyaltyCard": null,
    "productPricePerUnitWithLoyaltyCard": null,
    "imageUrl": "https://cdn.barbora.lv/products/8572a480-2b2d-4ee4-97cf-8d2bff859557_s.png",
    "available": true,
    "discount": null
  },
  {
    "shop": "CITRO",
    "categories": [
      2,
      2001,
      2001005
    ],
    "productName": "LATVIJASM SALDSKĀBMAIZE ĪSTENĀ 730G",
    "productPriceOld": null,
    "productPrice": null,
    "productPricePerUnit": {
      "value": 3.55,
      "unit": "€/KG"
    },
    "productPriceWithLoyaltyCard": null,
    "productPricePerUnitWithLoyaltyCard": null,
    "imageUrl": "https://rezekne.citro.lv/wp-content/uploads/2021/11/4750192732758-300x300.jpg",
    "available": true,
    "discount": null
  },
  {
    "shop": "MAXIMA",
    "categories": [
      1,
      1001,
      1001001
    ],
    "productName": "Alus PIEBALGAS Jubil.gaišais 5,2% 0,5L D",
    "productPriceOld": null,
    "productPrice": {
      "value": 1.78,
      "unit": "€"
    },
    "productPricePerUnit": {
      "value": 3.56,
      "unit": "€/l"
    },
    "productPriceWithLoyaltyCard": null,
    "productPricePerUnitWithLoyaltyCard": null,
    "imageUrl": "https://cdn.barbora.lv/products/003b65fb-915b-4f22-9a91-856502a0e4d7_s.png",
    "available": true,
    "discount": null
  },
  {
    "shop": "CITRO",
    "categories": [
      2,
      2001,
      2001007
    ],
    "productName": "MAIZE KLIJU DRUVA SPĒKAVOTA 250G FAZER",
    "productPriceOld": {
      "value": 1.15,
      "unit": "€"
    },
    "productPrice": {
      "value": 0.89,
      "unit": "€"
    },
    "productPricePerUnit": {
      "value": 3.56,
      "unit": "€/KG"
    },
    "productPriceWithLoyaltyCard": null,
    "productPricePerUnitWithLoyaltyCard": null,
    "imageUrl": "https://rezekne.citro.lv/wp-content/uploads/2020/12/4750212901058-300x300.jpg",
    "available": true,
    "discount": 23
  },
  {
    "shop": "RIMI",
    "categories": [
      2,
      2001,
      2001002
    ],
    "productName": "Baltmaize Zeltene saldā sagriezta 350g",
    "productPriceOld": {
      "value": 1.45,
      "unit": "€"
    },
    "productPrice": {
      "value": 1.25,
      "unit": "€/gab"
    },
    "productPricePerUnit": {
      "value": 3.57,
      "unit": "€/kg"
    },
    "productPriceWithLoyaltyCard": null,
    "productPricePerUnitWithLoyaltyCard": null,
    "imageUrl": "https://rimibaltic-res.cloudinary.com/image/upload/d_ecommerce:backend-fallback.png/MAT_285134_PCE_LV",
    "available": true,
    "discount": 14
  },
  {
    "shop": "RIMI",
    "categories": [
      2,
      2001,
      2001002
    ],
    "productName": "Baltmaize Zeltene dienišķā sagriezta 350g",
    "productPriceOld": {
      "value": 1.59,
      "unit": "€"
    },
    "productPrice": {
      "value": 1.25,
      "unit": "€/gab"
    },
    "productPricePerUnit": {
      "value": 3.57,
      "unit": "€/kg"
    },
    "productPriceWithLoyaltyCard": null,
    "productPricePerUnitWithLoyaltyCard": null,
    "imageUrl": "https://rimibaltic-res.cloudinary.com/image/upload/d_ecommerce:backend-fallback.png/MAT_273093_PCE_LV",
    "available": true,
    "discount": 21
  },
  {
    "shop": "CITRO",
    "categories": [
      2,
      2001,
      2001002
    ],
    "productName": "MAIZE KEFĪRA VĒRTĪGĀ BALTMAIZE 350G FAZER",
    "productPriceOld": {
      "value": 1.35,
      "unit": "€"
    },
    "productPrice": {
      "value": 1.25,
      "unit": "€"
    },
    "productPricePerUnit": {
      "value": 3.57,
      "unit": "€/KG"
    },
    "productPriceWithLoyaltyCard": null,
    "productPricePerUnitWithLoyaltyCard": null,
    "imageUrl": "https://rezekne.citro.lv/wp-content/uploads/2020/12/4750212901447-300x300.jpg",
    "available": true,
    "discount": 7
  },
  {
    "shop": "RIMI",
    "categories": [
      1,
      1002,
      10010021
    ],
    "productName": "Limonāde Gardu Muti cidoniju zelteris 0,5l",
    "productPriceOld": null,
    "productPrice": {
      "value": 2.29,
      "unit": "€/gab"
    },
    "productPricePerUnit": {
      "value": 4.58,
      "unit": "€/l"
    },
    "productPriceWithLoyaltyCard": {
      "value": 1.79,
      "unit": "€"
    },
    "productPricePerUnitWithLoyaltyCard": {
      "value": 3.58,
      "unit": "€/l"
    },
    "imageUrl": "https://rimibaltic-res.cloudinary.com/image/upload/d_ecommerce:backend-fallback.png/MAT_1359855_PCE_LV",
    "available": true,
    "discount": 22
  },
  {
    "shop": "RIMI",
    "categories": [
      1,
      1002,
      10010021
    ],
    "productName": "Limonāde Gardu Muti upeņu zelteris 0,5l",
    "productPriceOld": null,
    "productPrice": {
      "value": 2.29,
      "unit": "€/gab"
    },
    "productPricePerUnit": {
      "value": 4.58,
      "unit": "€/l"
    },
    "productPriceWithLoyaltyCard": {
      "value": 1.79,
      "unit": "€"
    },
    "productPricePerUnitWithLoyaltyCard": {
      "value": 3.58,
      "unit": "€/l"
    },
    "imageUrl": "https://rimibaltic-res.cloudinary.com/image/upload/d_ecommerce:backend-fallback.png/MAT_1368283_PCE_LV",
    "available": true,
    "discount": 22
  },
  {
    "shop": "RIMI",
    "categories": [
      2,
      2001,
      2001004
    ],
    "productName": "Kvass Valmiermuiža rudzu iesala 0,5l",
    "productPriceOld": null,
    "productPrice": {
      "value": 2.35,
      "unit": "€/gab"
    },
    "productPricePerUnit": {
      "value": 4.7,
      "unit": "€/l"
    },
    "productPriceWithLoyaltyCard": {
      "value": 1.79,
      "unit": "€"
    },
    "productPricePerUnitWithLoyaltyCard": {
      "value": 3.58,
      "unit": "€/l"
    },
    "imageUrl": "https://rimibaltic-res.cloudinary.com/image/upload/d_ecommerce:backend-fallback.png/MAT_1372743_PCE_LV",
    "available": true,
    "discount": 24
  },
  {
    "shop": "RIMI",
    "categories": [
      1,
      1001,
      1001002
    ],
    "productName": "Sidrs Dārza zemeņu 0% 0,5l",
    "productPriceOld": null,
    "productPrice": {
      "value": 1.79,
      "unit": "€/gab"
    },
    "productPricePerUnit": {
      "value": 3.58,
      "unit": "€/l"
    },
    "productPriceWithLoyaltyCard": null,
    "productPricePerUnitWithLoyaltyCard": null,
    "imageUrl": "https://rimibaltic-res.cloudinary.com/image/upload/d_ecommerce:backend-fallback.png/MAT_1371060_PCE_LV",
    "available": true,
    "discount": null
  },
  {
    "shop": "RIMI",
    "categories": [
      1,
      1001,
      1001001
    ],
    "productName": "Alus Lido speciālais 4,8% 0,5l",
    "productPriceOld": null,
    "productPrice": {
      "value": 1.79,
      "unit": "€/gab"
    },
    "productPricePerUnit": {
      "value": 3.58,
      "unit": "€/l"
    },
    "productPriceWithLoyaltyCard": null,
    "productPricePerUnitWithLoyaltyCard": null,
    "imageUrl": "https://rimibaltic-res.cloudinary.com/image/upload/d_ecommerce:backend-fallback.png/MAT_1365897_PCE_LV",
    "available": true,
    "discount": null
  },
  {
    "shop": "RIMI",
    "categories": [
      1,
      1001,
      1001001
    ],
    "productName": "Alus Lido Dzirnavu 5% 0,5l",
    "productPriceOld": null,
    "productPrice": {
      "value": 1.79,
      "unit": "€/gab"
    },
    "productPricePerUnit": {
      "value": 3.58,
      "unit": "€/l"
    },
    "productPriceWithLoyaltyCard": null,
    "productPricePerUnitWithLoyaltyCard": null,
    "imageUrl": "https://rimibaltic-res.cloudinary.com/image/upload/d_ecommerce:backend-fallback.png/MAT_1368154_PCE_LV",
    "available": true,
    "discount": null
  },
  {
    "shop": "RIMI",
    "categories": [
      1,
      1001,
      1001001
    ],
    "productName": "Alus Lido Dzirnavu 5% 0,5l",
    "productPriceOld": null,
    "productPrice": {
      "value": 1.79,
      "unit": "€/gab"
    },
    "productPricePerUnit": {
      "value": 3.58,
      "unit": "€/l"
    },
    "productPriceWithLoyaltyCard": null,
    "productPricePerUnitWithLoyaltyCard": null,
    "imageUrl": "https://rimibaltic-res.cloudinary.com/image/upload/d_ecommerce:backend-fallback.png/MAT_1368154_PCE_LV",
    "available": true,
    "discount": null
  },
  {
    "shop": "MAXIMA",
    "categories": [
      1,
      1003,
      1003002
    ],
    "productName": "Bezalk.sidrs DĀRZA Zemeņu 500ml D",
    "productPriceOld": null,
    "productPrice": {
      "value": 1.79,
      "unit": "€"
    },
    "productPricePerUnit": {
      "value": 3.58,
      "unit": "€/l"
    },
    "productPriceWithLoyaltyCard": null,
    "productPricePerUnitWithLoyaltyCard": null,
    "imageUrl": "https://cdn.barbora.lv/products/a4f5baca-b449-4230-8fb8-088cf8c6bbc4_s.png",
    "available": true,
    "discount": null
  },
  {
    "shop": "MAXIMA",
    "categories": [
      1,
      1003,
      1003002
    ],
    "productName": "Bezalk. sidrs DĀRZA 500ml D",
    "productPriceOld": null,
    "productPrice": {
      "value": 1.79,
      "unit": "€"
    },
    "productPricePerUnit": {
      "value": 3.58,
      "unit": "€/l"
    },
    "productPriceWithLoyaltyCard": null,
    "productPricePerUnitWithLoyaltyCard": null,
    "imageUrl": "https://cdn.barbora.lv/products/d3eab8fb-a26f-4db1-9bae-f2a1c467b47a_s.png",
    "available": true,
    "discount": null
  },
  {
    "shop": "MAXIMA",
    "categories": [
      1,
      1001,
      1001001
    ],
    "productName": "Alus VALMIERMUIŽA 5,2% 0,5L D",
    "productPriceOld": {
      "value": 2.42,
      "unit": "€"
    },
    "productPrice": {
      "value": 2.42,
      "unit": "€"
    },
    "productPricePerUnit": {
      "value": 4.84,
      "unit": "€/l"
    },
    "productPriceWithLoyaltyCard": {
      "value": 1.79,
      "unit": "€"
    },
    "productPricePerUnitWithLoyaltyCard": {
      "value": 3.58,
      "unit": "€/l"
    },
    "imageUrl": "https://cdn.barbora.lv/products/7446fff3-d621-44fe-a40c-963b216dcddd_s.png",
    "available": true,
    "discount": 26
  },
  {
    "shop": "MAXIMA",
    "categories": [
      2,
      2001,
      2001002
    ],
    "productName": "Saldskābmaize Ierauga FAZER 500g",
    "productPriceOld": null,
    "productPrice": {
      "value": 1.79,
      "unit": "€"
    },
    "productPricePerUnit": {
      "value": 3.58,
      "unit": "€/kg"
    },
    "productPriceWithLoyaltyCard": null,
    "productPricePerUnitWithLoyaltyCard": null,
    "imageUrl": "https://cdn.barbora.lv/products/8fbaa122-cfff-482b-97c8-18bbbdf2fcdd_s.png",
    "available": true,
    "discount": null
  },
  {
    "shop": "MAXIMA",
    "categories": [
      2,
      2001,
      2001002
    ],
    "productName": "Maize Ierauga FAZER 500g",
    "productPriceOld": null,
    "productPrice": {
      "value": 1.79,
      "unit": "€"
    },
    "productPricePerUnit": {
      "value": 3.58,
      "unit": "€/kg"
    },
    "productPriceWithLoyaltyCard": null,
    "productPricePerUnitWithLoyaltyCard": null,
    "imageUrl": "https://cdn.barbora.lv/products/36fbb194-ba22-4245-993b-48a07705dde1_s.png",
    "available": true,
    "discount": null
  },
  {
    "shop": "CITRO",
    "categories": [
      1,
      1001,
      1001002
    ],
    "productName": "SIDRS DĀRZA MEŽAOGU 5.5% 0.5L STIKLS",
    "productPriceOld": null,
    "productPrice": null,
    "productPricePerUnit": {
      "value": 3.58,
      "unit": "€/L"
    },
    "productPriceWithLoyaltyCard": null,
    "productPricePerUnitWithLoyaltyCard": null,
    "imageUrl": "https://rezekne.citro.lv/wp-content/uploads/2024/04/4750142007066-300x300.jpg",
    "available": true,
    "discount": null
  },
  {
    "shop": "CITRO",
    "categories": [
      1,
      1001,
      1001001
    ],
    "productName": "ALUS MEŽPILS 5.3% 0.5L SKĀRD.",
    "productPriceOld": null,
    "productPrice": null,
    "productPricePerUnit": {
      "value": 3.58,
      "unit": "€/L"
    },
    "productPriceWithLoyaltyCard": null,
    "productPricePerUnitWithLoyaltyCard": null,
    "imageUrl": "https://rezekne.citro.lv/wp-content/uploads/2024/07/4750049004090-300x300.jpg",
    "available": true,
    "discount": null
  },
  {
    "shop": "CITRO",
    "categories": [
      1,
      1001,
      1001001
    ],
    "productName": "ALUS MEŽPILS 5.3% 0.5L SKĀRD.",
    "productPriceOld": null,
    "productPrice": null,
    "productPricePerUnit": {
      "value": 3.58,
      "unit": "€/L"
    },
    "productPriceWithLoyaltyCard": null,
    "productPricePerUnitWithLoyaltyCard": null,
    "imageUrl": "https://rezekne.citro.lv/wp-content/uploads/2024/07/4750049004090-300x300.jpg",
    "available": true,
    "discount": null
  },
  {
    "shop": "CITRO",
    "categories": [
      1,
      1003,
      1003001
    ],
    "productName": "ALUS BEZALK. BAUSKAS 0% 0.5L STIKLS",
    "productPriceOld": null,
    "productPrice": null,
    "productPricePerUnit": {
      "value": 3.58,
      "unit": "€/L"
    },
    "productPriceWithLoyaltyCard": null,
    "productPricePerUnitWithLoyaltyCard": null,
    "imageUrl": "https://rezekne.citro.lv/wp-content/uploads/2023/06/4751000792094-300x300.jpg",
    "available": true,
    "discount": null
  },
  {
    "shop": "RIMI",
    "categories": [
      1,
      1002,
      10010020
    ],
    "productName": "Granātābolu sula Garden Tree 1l",
    "productPriceOld": null,
    "productPrice": {
      "value": 3.59,
      "unit": "€/gab"
    },
    "productPricePerUnit": {
      "value": 3.59,
      "unit": "€/l"
    },
    "productPriceWithLoyaltyCard": null,
    "productPricePerUnitWithLoyaltyCard": null,
    "imageUrl": "https://rimibaltic-res.cloudinary.com/image/upload/d_ecommerce:backend-fallback.png/MAT_1373575_PCE_LV",
    "available": true,
    "discount": null
  },
  {
    "shop": "MAXIMA",
    "categories": [
      1,
      1002,
      10010021
    ],
    "productName": "Gāzēts dz.MEŽEZERS Spritz apels. 0,75L D",
    "productPriceOld": {
      "value": 4.74,
      "unit": "€"
    },
    "productPrice": {
      "value": 4.74,
      "unit": "€"
    },
    "productPricePerUnit": {
      "value": 6.32,
      "unit": "€/l"
    },
    "productPriceWithLoyaltyCard": {
      "value": 2.69,
      "unit": "€"
    },
    "productPricePerUnitWithLoyaltyCard": {
      "value": 3.59,
      "unit": "€/l"
    },
    "imageUrl": "https://cdn.barbora.lv/products/a98c8294-c2c5-4692-b2c4-1eb5a74070d7_s.png",
    "available": true,
    "discount": 43
  },
  {
    "shop": "MAXIMA",
    "categories": [
      1,
      1002,
      10010020
    ],
    "productName": "Sula GARDEN TREE Granātābolu 1L D",
    "productPriceOld": null,
    "productPrice": {
      "value": 3.59,
      "unit": "€"
    },
    "productPricePerUnit": {
      "value": 3.59,
      "unit": "€/l"
    },
    "productPriceWithLoyaltyCard": null,
    "productPricePerUnitWithLoyaltyCard": null,
    "imageUrl": "https://cdn.barbora.lv/products/87681b4b-26d2-4efa-86e1-a63aceab2c3b_s.png",
    "available": true,
    "discount": null
  },
  {
    "shop": "MAXIMA",
    "categories": [
      1,
      1001,
      1001005
    ],
    "productName": "Alk.kokt. SEX ON THE BEACH 4,7% 0,33L D",
    "productPriceOld": {
      "value": 1.71,
      "unit": "€"
    },
    "productPrice": {
      "value": 1.71,
      "unit": "€"
    },
    "productPricePerUnit": {
      "value": 5.18,
      "unit": "€/l"
    },
    "productPriceWithLoyaltyCard": {
      "value": 1.19,
      "unit": "€"
    },
    "productPricePerUnitWithLoyaltyCard": {
      "value": 3.6,
      "unit": "€/l"
    },
    "imageUrl": "https://cdn.barbora.lv/products/695ee332-82ce-4f75-aa07-08ed9939c767_s.png",
    "available": true,
    "discount": 30
  },
  {
    "shop": "MAXIMA",
    "categories": [
      1,
      1001,
      1001005
    ],
    "productName": "Alkoholiskais kokteilis MOJITO 4,7 % 0,33L D",
    "productPriceOld": {
      "value": 1.71,
      "unit": "€"
    },
    "productPrice": {
      "value": 1.71,
      "unit": "€"
    },
    "productPricePerUnit": {
      "value": 5.18,
      "unit": "€/l"
    },
    "productPriceWithLoyaltyCard": {
      "value": 1.19,
      "unit": "€"
    },
    "productPricePerUnitWithLoyaltyCard": {
      "value": 3.6,
      "unit": "€/l"
    },
    "imageUrl": "https://cdn.barbora.lv/products/45e335ca-9ecc-4acf-ad85-c1cb4914d53c_s.png",
    "available": true,
    "discount": 30
  },
  {
    "shop": "MAXIMA",
    "categories": [
      1,
      1001,
      1001001
    ],
    "productName": "Alus BRĀLIS gaišais 5,3% 0,5L D",
    "productPriceOld": null,
    "productPrice": {
      "value": 1.8,
      "unit": "€"
    },
    "productPricePerUnit": {
      "value": 3.6,
      "unit": "€/l"
    },
    "productPriceWithLoyaltyCard": null,
    "productPricePerUnitWithLoyaltyCard": null,
    "imageUrl": "https://cdn.barbora.lv/products/5fb29102-5a80-4be8-94a1-3fedfba9ddd2_s.png",
    "available": true,
    "discount": null
  },
  {
    "shop": "MAXIMA",
    "categories": [
      1,
      1001,
      1001001
    ],
    "productName": "Alus BRŪVERIS PREMIUM 5,2% 0,5L D",
    "productPriceOld": null,
    "productPrice": {
      "value": 1.8,
      "unit": "€"
    },
    "productPricePerUnit": {
      "value": 3.6,
      "unit": "€/l"
    },
    "productPriceWithLoyaltyCard": null,
    "productPricePerUnitWithLoyaltyCard": null,
    "imageUrl": "https://cdn.barbora.lv/products/7b76d186-e37e-46b2-a68e-c301d7d5f430_s.png",
    "available": true,
    "discount": null
  },
  {
    "shop": "RIMI",
    "categories": [
      1,
      1003,
      1003001
    ],
    "productName": "Alus Kronenbourg 1664 Blanc bezalkoho. 0,33l",
    "productPriceOld": null,
    "productPrice": {
      "value": 1.69,
      "unit": "€/gab"
    },
    "productPricePerUnit": {
      "value": 5.12,
      "unit": "€/l"
    },
    "productPriceWithLoyaltyCard": {
      "value": 1.19,
      "unit": "€"
    },
    "productPricePerUnitWithLoyaltyCard": {
      "value": 3.61,
      "unit": "€/l"
    },
    "imageUrl": "https://rimibaltic-res.cloudinary.com/image/upload/d_ecommerce:backend-fallback.png/MAT_1372705_PCE_LV",
    "available": true,
    "discount": 30
  },
  {
    "shop": "RIMI",
    "categories": [
      1,
      1002,
      10010020
    ],
    "productName": "Biešu - Ābolu Sula 0.33 L",
    "productPriceOld": {
      "value": 1.99,
      "unit": "€"
    },
    "productPrice": {
      "value": 1.19,
      "unit": "€/gab"
    },
    "productPricePerUnit": {
      "value": 3.61,
      "unit": "€/l"
    },
    "productPriceWithLoyaltyCard": null,
    "productPricePerUnitWithLoyaltyCard": null,
    "imageUrl": "https://rimibaltic-res.cloudinary.com/image/upload/d_ecommerce:backend-fallback.png/MAT_1356286_PCE_LV",
    "available": true,
    "discount": 40
  },
  {
    "shop": "RIMI",
    "categories": [
      1,
      1003,
      1003001
    ],
    "productName": "Alus Heineken bezalkoholiskais 0,33l",
    "productPriceOld": null,
    "productPrice": {
      "value": 1.49,
      "unit": "€/gab"
    },
    "productPricePerUnit": {
      "value": 4.52,
      "unit": "€/l"
    },
    "productPriceWithLoyaltyCard": {
      "value": 1.19,
      "unit": "€"
    },
    "productPricePerUnitWithLoyaltyCard": {
      "value": 3.61,
      "unit": "€/l"
    },
    "imageUrl": "https://rimibaltic-res.cloudinary.com/image/upload/d_ecommerce:backend-fallback.png/MAT_1361940_PCE_LV",
    "available": true,
    "discount": 20
  },
  {
    "shop": "RIMI",
    "categories": [
      1,
      1001,
      1001001
    ],
    "productName": "Alus Heineken 5% 0,33l",
    "productPriceOld": null,
    "productPrice": {
      "value": 1.69,
      "unit": "€/gab"
    },
    "productPricePerUnit": {
      "value": 5.12,
      "unit": "€/l"
    },
    "productPriceWithLoyaltyCard": {
      "value": 1.19,
      "unit": "€"
    },
    "productPricePerUnitWithLoyaltyCard": {
      "value": 3.61,
      "unit": "€/l"
    },
    "imageUrl": "https://rimibaltic-res.cloudinary.com/image/upload/d_ecommerce:backend-fallback.png/MAT_1359482_PCE_LV",
    "available": true,
    "discount": 30
  },
  {
    "shop": "MAXIMA",
    "categories": [
      1,
      1002,
      10010020
    ],
    "productName": "Sulas dzēriens CIDO FRUTTO vasaras ogu 0,33L",
    "productPriceOld": null,
    "productPrice": {
      "value": 1.19,
      "unit": "€"
    },
    "productPricePerUnit": {
      "value": 3.61,
      "unit": "€/l"
    },
    "productPriceWithLoyaltyCard": null,
    "productPricePerUnitWithLoyaltyCard": null,
    "imageUrl": "https://cdn.barbora.lv/products/0963ff73-0355-49e4-bb1f-8b5f2b472401_s.png",
    "available": true,
    "discount": null
  },
  {
    "shop": "CITRO",
    "categories": [
      1,
      1002,
      10010022
    ],
    "productName": "ENERĢIJAS DZĒRIENS BATTERY JUICED BREEZE 0.33L SKĀRD.",
    "productPriceOld": null,
    "productPrice": null,
    "productPricePerUnit": {
      "value": 3.61,
      "unit": "€/L"
    },
    "productPriceWithLoyaltyCard": null,
    "productPricePerUnitWithLoyaltyCard": null,
    "imageUrl": "https://rezekne.citro.lv/wp-content/uploads/2024/07/4740019002379-300x300.jpg",
    "available": true,
    "discount": null
  },
  {
    "shop": "CITRO",
    "categories": [
      1,
      1002,
      10010022
    ],
    "productName": "ENERĢIJAS DZĒRIENS BATTERY JUICED CITRUS 0.33L SKĀRD.",
    "productPriceOld": null,
    "productPrice": null,
    "productPricePerUnit": {
      "value": 3.61,
      "unit": "€/L"
    },
    "productPriceWithLoyaltyCard": null,
    "productPricePerUnitWithLoyaltyCard": null,
    "imageUrl": "https://rezekne.citro.lv/wp-content/uploads/2024/07/4740019002409-300x300.jpg",
    "available": true,
    "discount": null
  },
  {
    "shop": "RIMI",
    "categories": [
      2,
      2001,
      2001006,
      2001001
    ],
    "productName": "Rupjmaize Liepkalni pilngraudu bez rauga 400g",
    "productPriceOld": null,
    "productPrice": {
      "value": 1.45,
      "unit": "€/gab"
    },
    "productPricePerUnit": {
      "value": 3.62,
      "unit": "€/kg"
    },
    "productPriceWithLoyaltyCard": null,
    "productPricePerUnitWithLoyaltyCard": null,
    "imageUrl": "https://rimibaltic-res.cloudinary.com/image/upload/d_ecommerce:backend-fallback.png/MAT_293809_PCE_LV",
    "available": true,
    "discount": null
  },
  {
    "shop": "MAXIMA",
    "categories": [
      1,
      1001,
      1001001
    ],
    "productName": "Alus CĒSU BRŪŽA ķiršu sārt. 4,5% 0,5L D",
    "productPriceOld": null,
    "productPrice": {
      "value": 1.81,
      "unit": "€"
    },
    "productPricePerUnit": {
      "value": 3.62,
      "unit": "€/l"
    },
    "productPriceWithLoyaltyCard": null,
    "productPricePerUnitWithLoyaltyCard": null,
    "imageUrl": "https://cdn.barbora.lv/products/3369015d-52aa-486f-803d-6fec7b3cfac3_s.png",
    "available": true,
    "discount": null
  },
  {
    "shop": "MAXIMA",
    "categories": [
      1,
      1001,
      1001001
    ],
    "productName": "Alus IĻĢUCIEMA Rīgas 4,8% 0,5L D",
    "productPriceOld": null,
    "productPrice": {
      "value": 1.81,
      "unit": "€"
    },
    "productPricePerUnit": {
      "value": 3.62,
      "unit": "€/l"
    },
    "productPriceWithLoyaltyCard": null,
    "productPricePerUnitWithLoyaltyCard": null,
    "imageUrl": "https://cdn.barbora.lv/products/78211866-dba3-4e53-a0f9-481b3a3bdfca_s.png",
    "available": true,
    "discount": null
  },
  {
    "shop": "MAXIMA",
    "categories": [
      2,
      2001,
      2001002
    ],
    "productName": "Baltmaize ZELTENE dienišķā lielā 550g",
    "productPriceOld": null,
    "productPrice": {
      "value": 1.99,
      "unit": "€"
    },
    "productPricePerUnit": {
      "value": 3.62,
      "unit": "€/kg"
    },
    "productPriceWithLoyaltyCard": null,
    "productPricePerUnitWithLoyaltyCard": null,
    "imageUrl": "https://cdn.barbora.lv/products/0e80cc00-f487-44e6-98ee-43a7166b570b_s.png",
    "available": true,
    "discount": null
  },
  {
    "shop": "MAXIMA",
    "categories": [
      2,
      2001,
      2001002
    ],
    "productName": "Grieķu jog.baltmaize Latvijā cepts! 300g",
    "productPriceOld": {
      "value": 1.45,
      "unit": "€"
    },
    "productPrice": {
      "value": 1.09,
      "unit": "€"
    },
    "productPricePerUnit": {
      "value": 3.63,
      "unit": "€/kg"
    },
    "productPriceWithLoyaltyCard": null,
    "productPricePerUnitWithLoyaltyCard": null,
    "imageUrl": "https://cdn.barbora.lv/products/32345cf2-8778-463d-8741-c02b188ed993_s.png",
    "available": true,
    "discount": 25
  },
  {
    "shop": "CITRO",
    "categories": [
      1,
      1001,
      1001001
    ],
    "productName": "ALUS CORONA EXTRA 4.5% 0.355L STIKLS",
    "productPriceOld": {
      "value": 1.69,
      "unit": "€"
    },
    "productPrice": {
      "value": 1.29,
      "unit": "€"
    },
    "productPricePerUnit": {
      "value": 3.63,
      "unit": "€/L"
    },
    "productPriceWithLoyaltyCard": null,
    "productPricePerUnitWithLoyaltyCard": null,
    "imageUrl": "https://rezekne.citro.lv/wp-content/uploads/2021/08/7501064193972-300x300.jpg",
    "available": true,
    "discount": 24
  },
  {
    "shop": "MAXIMA",
    "categories": [
      1,
      1001,
      1001001
    ],
    "productName": "Alus TĒRVETES nefiltrētais 5,3% 0,5L D",
    "productPriceOld": null,
    "productPrice": {
      "value": 1.82,
      "unit": "€"
    },
    "productPricePerUnit": {
      "value": 3.64,
      "unit": "€/l"
    },
    "productPriceWithLoyaltyCard": null,
    "productPricePerUnitWithLoyaltyCard": null,
    "imageUrl": "https://cdn.barbora.lv/products/ec150a1c-f23f-4c83-8c4a-871cd2cbef2a_s.png",
    "available": true,
    "discount": null
  },
  {
    "shop": "MAXIMA",
    "categories": [
      2,
      2001,
      2001003
    ],
    "productName": "Tostermaize rudzu ierauga Tost maize LM 450g",
    "productPriceOld": {
      "value": 2.19,
      "unit": "€"
    },
    "productPrice": {
      "value": 1.64,
      "unit": "€"
    },
    "productPricePerUnit": {
      "value": 3.65,
      "unit": "€/kg"
    },
    "productPriceWithLoyaltyCard": null,
    "productPricePerUnitWithLoyaltyCard": null,
    "imageUrl": "https://cdn.barbora.lv/products/09314bd3-299a-41cf-869b-bfd5a4c27a90_s.png",
    "available": true,
    "discount": 25
  },
  {
    "shop": "MAXIMA",
    "categories": [
      1,
      1001,
      1001001
    ],
    "productName": "Alus HEINEKEN 5% 0,33L D",
    "productPriceOld": null,
    "productPrice": {
      "value": 1.21,
      "unit": "€"
    },
    "productPricePerUnit": {
      "value": 3.67,
      "unit": "€/l"
    },
    "productPriceWithLoyaltyCard": null,
    "productPricePerUnitWithLoyaltyCard": null,
    "imageUrl": "https://cdn.barbora.lv/products/9528bda9-9eff-4011-859b-38b0207f635b_s.png",
    "available": true,
    "discount": null
  },
  {
    "shop": "RIMI",
    "categories": [
      1,
      1002,
      10010022
    ],
    "productName": "Enerģijas dzēriens Burn Apple Kiwi 0,33l",
    "productPriceOld": null,
    "productPrice": {
      "value": 1.25,
      "unit": "€/gab"
    },
    "productPricePerUnit": {
      "value": 3.68,
      "unit": "€/l"
    },
    "productPriceWithLoyaltyCard": null,
    "productPricePerUnitWithLoyaltyCard": null,
    "imageUrl": "https://rimibaltic-res.cloudinary.com/image/upload/d_ecommerce:backend-fallback.png/MAT_1366905_PCE_LV",
    "available": true,
    "discount": null
  },
  {
    "shop": "MAXIMA",
    "categories": [
      1,
      1001,
      1001002
    ],
    "productName": "Sidrs FIZZ STRAWBERRY 4,5% 0,5L D",
    "productPriceOld": null,
    "productPrice": {
      "value": 1.84,
      "unit": "€"
    },
    "productPricePerUnit": {
      "value": 3.68,
      "unit": "€/l"
    },
    "productPriceWithLoyaltyCard": null,
    "productPricePerUnitWithLoyaltyCard": null,
    "imageUrl": "https://cdn.barbora.lv/products/7ffa4bd4-c4a8-4f91-b2fd-1730bbe87074_s.png",
    "available": true,
    "discount": null
  },
  {
    "shop": "MAXIMA",
    "categories": [
      1,
      1001,
      1001005
    ],
    "productName": "Alk.kokt.CĒSU DŽONS GRAPEFRUIT 5% 0,5L D",
    "productPriceOld": null,
    "productPrice": {
      "value": 1.84,
      "unit": "€"
    },
    "productPricePerUnit": {
      "value": 3.68,
      "unit": "€/l"
    },
    "productPriceWithLoyaltyCard": null,
    "productPricePerUnitWithLoyaltyCard": null,
    "imageUrl": "https://cdn.barbora.lv/products/c346ca20-daa1-478d-b702-2fd390733eb6_s.png",
    "available": true,
    "discount": null
  },
  {
    "shop": "MAXIMA",
    "categories": [
      1,
      1001,
      1001005
    ],
    "productName": "Alk.k. CĒSU DŽONS Pina Colada 5% 0,5L D",
    "productPriceOld": null,
    "productPrice": {
      "value": 1.84,
      "unit": "€"
    },
    "productPricePerUnit": {
      "value": 3.68,
      "unit": "€/l"
    },
    "productPriceWithLoyaltyCard": null,
    "productPricePerUnitWithLoyaltyCard": null,
    "imageUrl": "https://cdn.barbora.lv/products/cb4e2f20-dca3-4e08-97de-e4bad14a462e_s.png",
    "available": true,
    "discount": null
  },
  {
    "shop": "MAXIMA",
    "categories": [
      1,
      1001,
      1001002
    ],
    "productName": "Sidrs FIZZ PEAR 4,5% 0,5L D",
    "productPriceOld": null,
    "productPrice": {
      "value": 1.84,
      "unit": "€"
    },
    "productPricePerUnit": {
      "value": 3.68,
      "unit": "€/l"
    },
    "productPriceWithLoyaltyCard": null,
    "productPricePerUnitWithLoyaltyCard": null,
    "imageUrl": "https://cdn.barbora.lv/products/5845b438-836b-4263-9363-68992ee1da80_s.png",
    "available": true,
    "discount": null
  },
  {
    "shop": "RIMI",
    "categories": [
      1,
      1002,
      10010020
    ],
    "productName": "Sulas dzēriens Granini Apelsīnu Mango 40% 1l",
    "productPriceOld": null,
    "productPrice": {
      "value": 3.69,
      "unit": "€/gab"
    },
    "productPricePerUnit": {
      "value": 3.69,
      "unit": "€/l"
    },
    "productPriceWithLoyaltyCard": null,
    "productPricePerUnitWithLoyaltyCard": null,
    "imageUrl": "https://rimibaltic-res.cloudinary.com/image/upload/d_ecommerce:backend-fallback.png/MAT_1373101_PCE_LV",
    "available": true,
    "discount": null
  },
  {
    "shop": "RIMI",
    "categories": [
      1,
      1002,
      10010020
    ],
    "productName": "Sulas dzēriens Granini Greipfrūtu 45% 1l",
    "productPriceOld": null,
    "productPrice": {
      "value": 3.69,
      "unit": "€/gab"
    },
    "productPricePerUnit": {
      "value": 3.69,
      "unit": "€/l"
    },
    "productPriceWithLoyaltyCard": null,
    "productPricePerUnitWithLoyaltyCard": null,
    "imageUrl": "https://rimibaltic-res.cloudinary.com/image/upload/d_ecommerce:backend-fallback.png/MAT_1373411_PCE_LV",
    "available": true,
    "discount": null
  },
  {
    "shop": "RIMI",
    "categories": [
      1,
      1002,
      10010020
    ],
    "productName": "Nektārs Granini Multivitamīnu 50% 1l",
    "productPriceOld": null,
    "productPrice": {
      "value": 3.69,
      "unit": "€/gab"
    },
    "productPricePerUnit": {
      "value": 3.69,
      "unit": "€/l"
    },
    "productPriceWithLoyaltyCard": null,
    "productPricePerUnitWithLoyaltyCard": null,
    "imageUrl": "https://rimibaltic-res.cloudinary.com/image/upload/d_ecommerce:backend-fallback.png/MAT_1373408_PCE_LV",
    "available": true,
    "discount": null
  },
  {
    "shop": "RIMI",
    "categories": [
      1,
      1001,
      1001001
    ],
    "productName": "Alus gaišais Raiskumietis 5,6% 1l",
    "productPriceOld": null,
    "productPrice": {
      "value": 4.29,
      "unit": "€/gab"
    },
    "productPricePerUnit": {
      "value": 4.29,
      "unit": "€/l"
    },
    "productPriceWithLoyaltyCard": {
      "value": 3.69,
      "unit": "€"
    },
    "productPricePerUnitWithLoyaltyCard": {
      "value": 3.69,
      "unit": "€/l"
    },
    "imageUrl": "https://rimibaltic-res.cloudinary.com/image/upload/d_ecommerce:backend-fallback.png/MAT_1360298_PCE_LV",
    "available": true,
    "discount": 14
  },
  {
    "shop": "MAXIMA",
    "categories": [
      1,
      1002,
      10010020
    ],
    "productName": "Sula granātābolu CAUCASIAN 1L D",
    "productPriceOld": null,
    "productPrice": {
      "value": 3.69,
      "unit": "€"
    },
    "productPricePerUnit": {
      "value": 3.69,
      "unit": "€/l"
    },
    "productPriceWithLoyaltyCard": null,
    "productPricePerUnitWithLoyaltyCard": null,
    "imageUrl": "https://cdn.barbora.lv/products/ddedea84-be23-4a5a-87c2-039c700514c0_s.png",
    "available": true,
    "discount": null
  },
  {
    "shop": "RIMI",
    "categories": [
      2,
      2001,
      2001008
    ],
    "productName": "Maize Latvijas graudu ar sēklām 500g",
    "productPriceOld": null,
    "productPrice": {
      "value": 1.85,
      "unit": "€/gab"
    },
    "productPricePerUnit": {
      "value": 3.7,
      "unit": "€/kg"
    },
    "productPriceWithLoyaltyCard": null,
    "productPricePerUnitWithLoyaltyCard": null,
    "imageUrl": "https://rimibaltic-res.cloudinary.com/image/upload/d_ecommerce:backend-fallback.png/MAT_952317_PCE_LV",
    "available": true,
    "discount": null
  },
  {
    "shop": "RIMI",
    "categories": [
      2,
      2001,
      2001003
    ],
    "productName": "Tostermaize Fazer Gardā 500g",
    "productPriceOld": null,
    "productPrice": {
      "value": 1.85,
      "unit": "€/gab"
    },
    "productPricePerUnit": {
      "value": 3.7,
      "unit": "€/kg"
    },
    "productPriceWithLoyaltyCard": null,
    "productPricePerUnitWithLoyaltyCard": null,
    "imageUrl": "https://rimibaltic-res.cloudinary.com/image/upload/d_ecommerce:backend-fallback.png/MAT_295505_PCE_LV",
    "available": true,
    "discount": null
  },
  {
    "shop": "RIMI",
    "categories": [
      2,
      2001,
      2001006,
      2001001
    ],
    "productName": "Rupjmaize Īstenā pilngraudu 430g",
    "productPriceOld": null,
    "productPrice": {
      "value": 1.59,
      "unit": "€/gab"
    },
    "productPricePerUnit": {
      "value": 3.7,
      "unit": "€/kg"
    },
    "productPriceWithLoyaltyCard": null,
    "productPricePerUnitWithLoyaltyCard": null,
    "imageUrl": "https://rimibaltic-res.cloudinary.com/image/upload/d_ecommerce:backend-fallback.png/MAT_997462_PCE_LV",
    "available": true,
    "discount": null
  },
  {
    "shop": "RIMI",
    "categories": [
      2,
      2001,
      2001006
    ],
    "productName": "Rupjmaize Liepkalni spēka bez rauga 500g",
    "productPriceOld": null,
    "productPrice": {
      "value": 1.85,
      "unit": "€/gab"
    },
    "productPricePerUnit": {
      "value": 3.7,
      "unit": "€/kg"
    },
    "productPriceWithLoyaltyCard": null,
    "productPricePerUnitWithLoyaltyCard": null,
    "imageUrl": "https://rimibaltic-res.cloudinary.com/image/upload/d_ecommerce:backend-fallback.png/MAT_284583_PCE_LV",
    "available": true,
    "discount": null
  },
  {
    "shop": "RIMI",
    "categories": [
      1,
      1003,
      1003001
    ],
    "productName": "Bezalkoholiskais alus Bauskas Alus 0,5l",
    "productPriceOld": null,
    "productPrice": {
      "value": 1.85,
      "unit": "€/gab"
    },
    "productPricePerUnit": {
      "value": 3.7,
      "unit": "€/l"
    },
    "productPriceWithLoyaltyCard": null,
    "productPricePerUnitWithLoyaltyCard": null,
    "imageUrl": "https://rimibaltic-res.cloudinary.com/image/upload/d_ecommerce:backend-fallback.png/MAT_1373316_PCE_LV",
    "available": true,
    "discount": null
  },
  {
    "shop": "RIMI",
    "categories": [
      1,
      1001,
      1001002
    ],
    "productName": "Sidrs Dārza Bārbele 5,5% 0.5l",
    "productPriceOld": null,
    "productPrice": {
      "value": 1.85,
      "unit": "€/gab"
    },
    "productPricePerUnit": {
      "value": 3.7,
      "unit": "€/l"
    },
    "productPriceWithLoyaltyCard": null,
    "productPricePerUnitWithLoyaltyCard": null,
    "imageUrl": "https://rimibaltic-res.cloudinary.com/image/upload/d_ecommerce:backend-fallback.png/MAT_1374046_PCE_LV",
    "available": true,
    "discount": null
  },
  {
    "shop": "RIMI",
    "categories": [
      1,
      1001,
      1001001
    ],
    "productName": "Alus Brūža ķiršu sārtais 4,5% 0,5l",
    "productPriceOld": null,
    "productPrice": {
      "value": 1.85,
      "unit": "€/gab"
    },
    "productPricePerUnit": {
      "value": 3.7,
      "unit": "€/l"
    },
    "productPriceWithLoyaltyCard": null,
    "productPricePerUnitWithLoyaltyCard": null,
    "imageUrl": "https://rimibaltic-res.cloudinary.com/image/upload/d_ecommerce:backend-fallback.png/MAT_1361449_PCE_LV",
    "available": true,
    "discount": null
  },
  {
    "shop": "RIMI",
    "categories": [
      1,
      1001,
      1001002
    ],
    "productName": "Sidrs Dārza jāņogu 5,5% 0,5l",
    "productPriceOld": null,
    "productPrice": {
      "value": 1.85,
      "unit": "€/gab"
    },
    "productPricePerUnit": {
      "value": 3.7,
      "unit": "€/l"
    },
    "productPriceWithLoyaltyCard": null,
    "productPricePerUnitWithLoyaltyCard": null,
    "imageUrl": "https://rimibaltic-res.cloudinary.com/image/upload/d_ecommerce:backend-fallback.png/MAT_1365437_PCE_LV",
    "available": true,
    "discount": null
  },
  {
    "shop": "RIMI",
    "categories": [
      1,
      1001,
      1001002
    ],
    "productName": "Sidrs Dārza upeņu 5,5% 0,5l",
    "productPriceOld": null,
    "productPrice": {
      "value": 1.85,
      "unit": "€/gab"
    },
    "productPricePerUnit": {
      "value": 3.7,
      "unit": "€/l"
    },
    "productPriceWithLoyaltyCard": null,
    "productPricePerUnitWithLoyaltyCard": null,
    "imageUrl": "https://rimibaltic-res.cloudinary.com/image/upload/d_ecommerce:backend-fallback.png/MAT_1372799_PCE_LV",
    "available": true,
    "discount": null
  },
  {
    "shop": "RIMI",
    "categories": [
      1,
      1001,
      1001002
    ],
    "productName": "Sidrs Dārza upeņu 5,5% 0,5l",
    "productPriceOld": null,
    "productPrice": {
      "value": 1.85,
      "unit": "€/gab"
    },
    "productPricePerUnit": {
      "value": 3.7,
      "unit": "€/l"
    },
    "productPriceWithLoyaltyCard": null,
    "productPricePerUnitWithLoyaltyCard": null,
    "imageUrl": "https://rimibaltic-res.cloudinary.com/image/upload/d_ecommerce:backend-fallback.png/MAT_1372799_PCE_LV",
    "available": true,
    "discount": null
  },
  {
    "shop": "RIMI",
    "categories": [
      1,
      1001,
      1001002
    ],
    "productName": "Sidrs Dārza Jāņogu 5,5% 0,5l",
    "productPriceOld": null,
    "productPrice": {
      "value": 1.85,
      "unit": "€/gab"
    },
    "productPricePerUnit": {
      "value": 3.7,
      "unit": "€/l"
    },
    "productPriceWithLoyaltyCard": null,
    "productPricePerUnitWithLoyaltyCard": null,
    "imageUrl": "https://rimibaltic-res.cloudinary.com/image/upload/d_ecommerce:backend-fallback.png/MAT_1371589_PCE_LV",
    "available": true,
    "discount": null
  },
  {
    "shop": "RIMI",
    "categories": [
      1,
      1001,
      1001002
    ],
    "productName": "Sidrs Dārza mežaogu 5,5% 0,5l",
    "productPriceOld": null,
    "productPrice": {
      "value": 1.85,
      "unit": "€/gab"
    },
    "productPricePerUnit": {
      "value": 3.7,
      "unit": "€/l"
    },
    "productPriceWithLoyaltyCard": null,
    "productPricePerUnitWithLoyaltyCard": null,
    "imageUrl": "https://rimibaltic-res.cloudinary.com/image/upload/d_ecommerce:backend-fallback.png/MAT_1373992_PCE_LV",
    "available": true,
    "discount": null
  },
  {
    "shop": "RIMI",
    "categories": [
      1,
      1001,
      1001001
    ],
    "productName": "Alus Tērvetes Nefiltrētais 5,3% 0,5l",
    "productPriceOld": null,
    "productPrice": {
      "value": 1.85,
      "unit": "€/gab"
    },
    "productPricePerUnit": {
      "value": 3.7,
      "unit": "€/l"
    },
    "productPriceWithLoyaltyCard": null,
    "productPricePerUnitWithLoyaltyCard": null,
    "imageUrl": "https://rimibaltic-res.cloudinary.com/image/upload/d_ecommerce:backend-fallback.png/MAT_1355296_PCE_LV",
    "available": true,
    "discount": null
  },
  {
    "shop": "RIMI",
    "categories": [
      1,
      1001,
      1001005
    ],
    "productName": "Alk. kokteilis Cēsu Džons Pina Colada 5% 0,5l",
    "productPriceOld": null,
    "productPrice": {
      "value": 1.85,
      "unit": "€/gab"
    },
    "productPricePerUnit": {
      "value": 3.7,
      "unit": "€/l"
    },
    "productPriceWithLoyaltyCard": null,
    "productPricePerUnitWithLoyaltyCard": null,
    "imageUrl": "https://rimibaltic-res.cloudinary.com/image/upload/d_ecommerce:backend-fallback.png/MAT_1355506_PCE_LV",
    "available": true,
    "discount": null
  },
  {
    "shop": "RIMI",
    "categories": [
      1,
      1001,
      1001002
    ],
    "productName": "Sidrs Dārza melleņu 5,5% 0,5l",
    "productPriceOld": null,
    "productPrice": {
      "value": 1.85,
      "unit": "€/gab"
    },
    "productPricePerUnit": {
      "value": 3.7,
      "unit": "€/l"
    },
    "productPriceWithLoyaltyCard": null,
    "productPricePerUnitWithLoyaltyCard": null,
    "imageUrl": "https://rimibaltic-res.cloudinary.com/image/upload/d_ecommerce:backend-fallback.png/MAT_1368453_PCE_LV",
    "available": true,
    "discount": null
  },
  {
    "shop": "RIMI",
    "categories": [
      1,
      1001,
      1001002
    ],
    "productName": "Sidrs Dārza upeņu 5,5% 0,5l",
    "productPriceOld": null,
    "productPrice": {
      "value": 1.85,
      "unit": "€/gab"
    },
    "productPricePerUnit": {
      "value": 3.7,
      "unit": "€/l"
    },
    "productPriceWithLoyaltyCard": null,
    "productPricePerUnitWithLoyaltyCard": null,
    "imageUrl": "https://rimibaltic-res.cloudinary.com/image/upload/d_ecommerce:backend-fallback.png/MAT_1371051_PCE_LV",
    "available": true,
    "discount": null
  },
  {
    "shop": "RIMI",
    "categories": [
      1,
      1001,
      1001002
    ],
    "productName": "Sidrs Dārza upeņu 5,5% 0,5l",
    "productPriceOld": null,
    "productPrice": {
      "value": 1.85,
      "unit": "€/gab"
    },
    "productPricePerUnit": {
      "value": 3.7,
      "unit": "€/l"
    },
    "productPriceWithLoyaltyCard": null,
    "productPricePerUnitWithLoyaltyCard": null,
    "imageUrl": "https://rimibaltic-res.cloudinary.com/image/upload/d_ecommerce:backend-fallback.png/MAT_1371051_PCE_LV",
    "available": true,
    "discount": null
  },
  {
    "shop": "RIMI",
    "categories": [
      1,
      1001,
      1001002
    ],
    "productName": "Sidrs Dārza upeņu 5,5% 0,5l",
    "productPriceOld": null,
    "productPrice": {
      "value": 1.85,
      "unit": "€/gab"
    },
    "productPricePerUnit": {
      "value": 3.7,
      "unit": "€/l"
    },
    "productPriceWithLoyaltyCard": null,
    "productPricePerUnitWithLoyaltyCard": null,
    "imageUrl": "https://rimibaltic-res.cloudinary.com/image/upload/d_ecommerce:backend-fallback.png/MAT_1371051_PCE_LV",
    "available": true,
    "discount": null
  },
  {
    "shop": "RIMI",
    "categories": [
      1,
      1001,
      1001005
    ],
    "productName": "Alk.kokt.Cēsu Džons greipfrūts 5% 0,5l",
    "productPriceOld": null,
    "productPrice": {
      "value": 1.85,
      "unit": "€/gab"
    },
    "productPricePerUnit": {
      "value": 3.7,
      "unit": "€/l"
    },
    "productPriceWithLoyaltyCard": null,
    "productPricePerUnitWithLoyaltyCard": null,
    "imageUrl": "https://rimibaltic-res.cloudinary.com/image/upload/d_ecommerce:backend-fallback.png/MAT_1350481_PCE_LV",
    "available": true,
    "discount": null
  },
  {
    "shop": "RIMI",
    "categories": [
      1,
      1001,
      1001001
    ],
    "productName": "Alus Iļģuciema Rīgas 4,8% 0,5l",
    "productPriceOld": null,
    "productPrice": {
      "value": 1.85,
      "unit": "€/gab"
    },
    "productPricePerUnit": {
      "value": 3.7,
      "unit": "€/l"
    },
    "productPriceWithLoyaltyCard": null,
    "productPricePerUnitWithLoyaltyCard": null,
    "imageUrl": "https://rimibaltic-res.cloudinary.com/image/upload/d_ecommerce:backend-fallback.png/MAT_1368900_PCE_LV",
    "available": true,
    "discount": null
  },
  {
    "shop": "RIMI",
    "categories": [
      1,
      1001,
      1001001
    ],
    "productName": "Alus Piebalgas Mērnieku 5,2% 0,5l",
    "productPriceOld": null,
    "productPrice": {
      "value": 1.85,
      "unit": "€/gab"
    },
    "productPricePerUnit": {
      "value": 3.7,
      "unit": "€/l"
    },
    "productPriceWithLoyaltyCard": null,
    "productPricePerUnitWithLoyaltyCard": null,
    "imageUrl": "https://rimibaltic-res.cloudinary.com/image/upload/d_ecommerce:backend-fallback.png/MAT_1374262_PCE_LV",
    "available": true,
    "discount": null
  },
  {
    "shop": "RIMI",
    "categories": [
      1,
      1001,
      1001001
    ],
    "productName": "Alus dzērien. Sherwood avene, laims 4,5% 0,5l",
    "productPriceOld": null,
    "productPrice": {
      "value": 1.85,
      "unit": "€/gab"
    },
    "productPricePerUnit": {
      "value": 3.7,
      "unit": "€/l"
    },
    "productPriceWithLoyaltyCard": null,
    "productPricePerUnitWithLoyaltyCard": null,
    "imageUrl": "https://rimibaltic-res.cloudinary.com/image/upload/d_ecommerce:backend-fallback.png/MAT_1374827_PCE_LV",
    "available": true,
    "discount": null
  },
  {
    "shop": "RIMI",
    "categories": [
      1,
      1001,
      1001002
    ],
    "productName": "Sidrs Dārza rabarberu 5,5% 0,5l",
    "productPriceOld": null,
    "productPrice": {
      "value": 1.85,
      "unit": "€/gab"
    },
    "productPricePerUnit": {
      "value": 3.7,
      "unit": "€/l"
    },
    "productPriceWithLoyaltyCard": null,
    "productPricePerUnitWithLoyaltyCard": null,
    "imageUrl": "https://rimibaltic-res.cloudinary.com/image/upload/d_ecommerce:backend-fallback.png/MAT_1362188_PCE_LV",
    "available": true,
    "discount": null
  },
  {
    "shop": "MAXIMA",
    "categories": [
      1,
      1003,
      1003001
    ],
    "productName": "Alus BAUSKAS bezalkoholiskais 0% 500ml D",
    "productPriceOld": null,
    "productPrice": {
      "value": 1.85,
      "unit": "€"
    },
    "productPricePerUnit": {
      "value": 3.7,
      "unit": "€/l"
    },
    "productPriceWithLoyaltyCard": null,
    "productPricePerUnitWithLoyaltyCard": null,
    "imageUrl": "https://cdn.barbora.lv/products/a1b7cc5e-b98d-45b6-a98a-6570044c7b66_s.png",
    "available": true,
    "discount": null
  },
  {
    "shop": "MAXIMA",
    "categories": [
      2,
      2001,
      2001008
    ],
    "productName": "Maize LATVIJAS GRAUDU sēklu 500g",
    "productPriceOld": null,
    "productPrice": {
      "value": 1.85,
      "unit": "€"
    },
    "productPricePerUnit": {
      "value": 3.7,
      "unit": "€/kg"
    },
    "productPriceWithLoyaltyCard": null,
    "productPricePerUnitWithLoyaltyCard": null,
    "imageUrl": "https://cdn.barbora.lv/products/017daf57-a6af-4ff8-bfcc-8c9eb318426c_s.png",
    "available": true,
    "discount": null
  },
  {
    "shop": "MAXIMA",
    "categories": [
      2,
      2001,
      2001003
    ],
    "productName": "Tostermaize TOSTĒ KLASISKĀ 500g",
    "productPriceOld": null,
    "productPrice": {
      "value": 1.85,
      "unit": "€"
    },
    "productPricePerUnit": {
      "value": 3.7,
      "unit": "€/kg"
    },
    "productPriceWithLoyaltyCard": null,
    "productPricePerUnitWithLoyaltyCard": null,
    "imageUrl": "https://cdn.barbora.lv/products/c76494eb-242a-4641-9101-8fb8c7062334_s.png",
    "available": true,
    "discount": null
  },
  {
    "shop": "MAXIMA",
    "categories": [
      2,
      2001,
      2001004,
      2001001
    ],
    "productName": "Rudzu pilngraudu maize ĪSTENĀ 430g",
    "productPriceOld": null,
    "productPrice": {
      "value": 1.59,
      "unit": "€"
    },
    "productPricePerUnit": {
      "value": 3.7,
      "unit": "€/kg"
    },
    "productPriceWithLoyaltyCard": null,
    "productPricePerUnitWithLoyaltyCard": null,
    "imageUrl": "https://cdn.barbora.lv/products/3c757a6b-c381-48e6-ba5b-658126e9846c_s.png",
    "available": true,
    "discount": null
  },
  {
    "shop": "CITRO",
    "categories": [
      1,
      1001,
      1001001
    ],
    "productName": "ALUS TĒRVETE ĶIRŠU 4% 0.5L STIKLS",
    "productPriceOld": null,
    "productPrice": null,
    "productPricePerUnit": {
      "value": 3.7,
      "unit": "€/L"
    },
    "productPriceWithLoyaltyCard": null,
    "productPricePerUnitWithLoyaltyCard": null,
    "imageUrl": "https://rezekne.citro.lv/wp-content/uploads/2024/07/4750440001308-300x300.jpg",
    "available": true,
    "discount": null
  },
  {
    "shop": "MAXIMA",
    "categories": [
      2,
      2001,
      2001003
    ],
    "productName": "Tostermaize GARDĀ MINI 240g",
    "productPriceOld": null,
    "productPrice": {
      "value": 0.89,
      "unit": "€"
    },
    "productPricePerUnit": {
      "value": 3.71,
      "unit": "€/kg"
    },
    "productPriceWithLoyaltyCard": null,
    "productPricePerUnitWithLoyaltyCard": null,
    "imageUrl": "https://cdn.barbora.lv/products/269a776e-f07f-4b97-b759-06831656e15b_s.png",
    "available": true,
    "discount": null
  },
  {
    "shop": "MAXIMA",
    "categories": [
      2,
      2001,
      2001004
    ],
    "productName": "Rudzu daudzsēklu Latvijas Tost Maize LM 450g",
    "productPriceOld": {
      "value": 2.23,
      "unit": "€"
    },
    "productPrice": {
      "value": 1.67,
      "unit": "€"
    },
    "productPricePerUnit": {
      "value": 3.71,
      "unit": "€/kg"
    },
    "productPriceWithLoyaltyCard": null,
    "productPricePerUnitWithLoyaltyCard": null,
    "imageUrl": "https://cdn.barbora.lv/products/577003e9-774f-44af-9aae-a7267aaaaad9_s.png",
    "available": true,
    "discount": 25
  },
  {
    "shop": "CITRO",
    "categories": [
      2,
      2001,
      2001003
    ],
    "productName": "TOSTERMAIZE GARDĀ MINI 240G FAZER",
    "productPriceOld": null,
    "productPrice": null,
    "productPricePerUnit": {
      "value": 3.71,
      "unit": "€/KG"
    },
    "productPriceWithLoyaltyCard": null,
    "productPricePerUnitWithLoyaltyCard": null,
    "imageUrl": "https://rezekne.citro.lv/wp-content/uploads/2020/12/4750212901126-300x300.jpg",
    "available": true,
    "discount": null
  },
  {
    "shop": "RIMI",
    "categories": [
      2,
      2001,
      2001004
    ],
    "productName": "Rudzu pusklaips Gardā 400g",
    "productPriceOld": null,
    "productPrice": {
      "value": 1.49,
      "unit": "€/gab"
    },
    "productPricePerUnit": {
      "value": 3.72,
      "unit": "€/kg"
    },
    "productPriceWithLoyaltyCard": null,
    "productPricePerUnitWithLoyaltyCard": null,
    "imageUrl": "https://rimibaltic-res.cloudinary.com/image/upload/d_ecommerce:backend-fallback.png/MAT_944003_PCE_LV",
    "available": true,
    "discount": null
  },
  {
    "shop": "RIMI",
    "categories": [
      1,
      1002,
      10010024
    ],
    "productName": "Minerālūd. Sanpellegrino dab., gāzēts 0,75l",
    "productPriceOld": null,
    "productPrice": {
      "value": 2.79,
      "unit": "€/gab"
    },
    "productPricePerUnit": {
      "value": 3.72,
      "unit": "€/l"
    },
    "productPriceWithLoyaltyCard": null,
    "productPricePerUnitWithLoyaltyCard": null,
    "imageUrl": "https://rimibaltic-res.cloudinary.com/image/upload/d_ecommerce:backend-fallback.png/MAT_128107_PCE_LV",
    "available": true,
    "discount": null
  },
  {
    "shop": "MAXIMA",
    "categories": [
      2,
      2001,
      20010011
    ],
    "productName": "Maize melnā ar sēklām 400g",
    "productPriceOld": null,
    "productPrice": {
      "value": 1.49,
      "unit": "€"
    },
    "productPricePerUnit": {
      "value": 3.73,
      "unit": "€/kg"
    },
    "productPriceWithLoyaltyCard": null,
    "productPricePerUnitWithLoyaltyCard": null,
    "imageUrl": "https://cdn.barbora.lv/products/c0811935-0854-4467-b60d-48025c109182_s.png",
    "available": true,
    "discount": null
  },
  {
    "shop": "MAXIMA",
    "categories": [
      2,
      2001,
      2001004
    ],
    "productName": "Maize rudzu GARDĀ pusklaips 400g",
    "productPriceOld": null,
    "productPrice": {
      "value": 1.49,
      "unit": "€"
    },
    "productPricePerUnit": {
      "value": 3.73,
      "unit": "€/kg"
    },
    "productPriceWithLoyaltyCard": null,
    "productPricePerUnitWithLoyaltyCard": null,
    "imageUrl": "https://cdn.barbora.lv/products/1e2e32de-f04c-47c2-bd3d-17b8b6035507_s.png",
    "available": true,
    "discount": null
  },
  {
    "shop": "MAXIMA",
    "categories": [
      1,
      1001,
      1001002
    ],
    "productName": "Sidrs DĀRZA Skābo Ķiršu 5,5% 0,5L D",
    "productPriceOld": null,
    "productPrice": {
      "value": 1.87,
      "unit": "€"
    },
    "productPricePerUnit": {
      "value": 3.74,
      "unit": "€/l"
    },
    "productPriceWithLoyaltyCard": null,
    "productPricePerUnitWithLoyaltyCard": null,
    "imageUrl": "https://cdn.barbora.lv/products/9f362682-cf1d-442b-a6d9-7050b48e884e_s.png",
    "available": true,
    "discount": null
  },
  {
    "shop": "MAXIMA",
    "categories": [
      1,
      1001,
      1001001
    ],
    "productName": "Alus BAUSKAS gaišais 4,8% 0,5L D",
    "productPriceOld": null,
    "productPrice": {
      "value": 1.87,
      "unit": "€"
    },
    "productPricePerUnit": {
      "value": 3.74,
      "unit": "€/l"
    },
    "productPriceWithLoyaltyCard": null,
    "productPricePerUnitWithLoyaltyCard": null,
    "imageUrl": "https://cdn.barbora.lv/products/492d4268-69a6-4202-85e7-e665aa5631aa_s.png",
    "available": true,
    "discount": null
  },
  {
    "shop": "MAXIMA",
    "categories": [
      1,
      1001,
      1001002
    ],
    "productName": "Sidrs DĀRZA Rabarberu 5,5% 0,5L D",
    "productPriceOld": null,
    "productPrice": {
      "value": 1.87,
      "unit": "€"
    },
    "productPricePerUnit": {
      "value": 3.74,
      "unit": "€/l"
    },
    "productPriceWithLoyaltyCard": null,
    "productPricePerUnitWithLoyaltyCard": null,
    "imageUrl": "https://cdn.barbora.lv/products/4fc5b562-7788-405f-970b-d528523ca642_s.png",
    "available": true,
    "discount": null
  },
  {
    "shop": "MAXIMA",
    "categories": [
      1,
      1001,
      1001002
    ],
    "productName": "Sidrs DĀRZA Jāņogu 5,5% 0,5L sk.D",
    "productPriceOld": null,
    "productPrice": {
      "value": 1.87,
      "unit": "€"
    },
    "productPricePerUnit": {
      "value": 3.74,
      "unit": "€/l"
    },
    "productPriceWithLoyaltyCard": null,
    "productPricePerUnitWithLoyaltyCard": null,
    "imageUrl": "https://cdn.barbora.lv/products/3cd04f28-ee3d-476e-a177-24f36e4bf71f_s.png",
    "available": true,
    "discount": null
  },
  {
    "shop": "MAXIMA",
    "categories": [
      1,
      1001,
      1001002
    ],
    "productName": "Sidrs DĀRZA Upeņu 5,5% 0,5L D",
    "productPriceOld": null,
    "productPrice": {
      "value": 1.87,
      "unit": "€"
    },
    "productPricePerUnit": {
      "value": 3.74,
      "unit": "€/l"
    },
    "productPriceWithLoyaltyCard": null,
    "productPricePerUnitWithLoyaltyCard": null,
    "imageUrl": "https://cdn.barbora.lv/products/97071832-bb34-4a7e-90f6-f9e4a78c853a_s.png",
    "available": true,
    "discount": null
  },
  {
    "shop": "MAXIMA",
    "categories": [
      1,
      1001,
      1001002
    ],
    "productName": "Sidrs DĀRZA Meža Ogu 5,5% 0,5L D",
    "productPriceOld": null,
    "productPrice": {
      "value": 1.87,
      "unit": "€"
    },
    "productPricePerUnit": {
      "value": 3.74,
      "unit": "€/l"
    },
    "productPriceWithLoyaltyCard": null,
    "productPricePerUnitWithLoyaltyCard": null,
    "imageUrl": "https://cdn.barbora.lv/products/8af4afcf-ea8f-4aea-ac85-6cc3c4da8bb7_s.png",
    "available": true,
    "discount": null
  },
  {
    "shop": "MAXIMA",
    "categories": [
      1,
      1001,
      1001002
    ],
    "productName": "Sidrs DĀRZA Melleņu 5,5% 0,5L D",
    "productPriceOld": null,
    "productPrice": {
      "value": 1.87,
      "unit": "€"
    },
    "productPricePerUnit": {
      "value": 3.74,
      "unit": "€/l"
    },
    "productPriceWithLoyaltyCard": null,
    "productPricePerUnitWithLoyaltyCard": null,
    "imageUrl": "https://cdn.barbora.lv/products/a538d174-6bcd-497a-8f45-3922ee500cae_s.png",
    "available": true,
    "discount": null
  },
  {
    "shop": "MAXIMA",
    "categories": [
      1,
      1001,
      1001002
    ],
    "productName": "Sidrs DĀRZA Bārbeles 5,5% 0,5L sk.D",
    "productPriceOld": null,
    "productPrice": {
      "value": 1.87,
      "unit": "€"
    },
    "productPricePerUnit": {
      "value": 3.74,
      "unit": "€/l"
    },
    "productPriceWithLoyaltyCard": null,
    "productPricePerUnitWithLoyaltyCard": null,
    "imageUrl": "https://cdn.barbora.lv/products/a739d637-63e5-4505-bc90-6c22197228a6_s.png",
    "available": true,
    "discount": null
  },
  {
    "shop": "MAXIMA",
    "categories": [
      1,
      1001,
      1001002
    ],
    "productName": "Sidrs DĀRZA Upeņu 5,5% 0,5L D",
    "productPriceOld": null,
    "productPrice": {
      "value": 1.87,
      "unit": "€"
    },
    "productPricePerUnit": {
      "value": 3.74,
      "unit": "€/l"
    },
    "productPriceWithLoyaltyCard": null,
    "productPricePerUnitWithLoyaltyCard": null,
    "imageUrl": "https://cdn.barbora.lv/products/99ba1b1f-a29a-4162-81d1-64450668d979_s.png",
    "available": true,
    "discount": null
  },
  {
    "shop": "MAXIMA",
    "categories": [
      1,
      1001,
      1001001
    ],
    "productName": "Alus BAUSKAS tumšais 5,5% 1L PET D",
    "productPriceOld": null,
    "productPrice": {
      "value": 3.74,
      "unit": "€"
    },
    "productPricePerUnit": {
      "value": 3.74,
      "unit": "€/l"
    },
    "productPriceWithLoyaltyCard": null,
    "productPricePerUnitWithLoyaltyCard": null,
    "imageUrl": "https://cdn.barbora.lv/products/7dbf9aa2-1515-44cf-b3b1-2a15c6a21d50_s.png",
    "available": true,
    "discount": null
  },
  {
    "shop": "MAXIMA",
    "categories": [
      1,
      1001,
      1001001
    ],
    "productName": "Alus dzēriens TĒRVETE ķiršu 4,0% 0,5L D",
    "productPriceOld": null,
    "productPrice": {
      "value": 1.87,
      "unit": "€"
    },
    "productPricePerUnit": {
      "value": 3.74,
      "unit": "€/l"
    },
    "productPriceWithLoyaltyCard": null,
    "productPricePerUnitWithLoyaltyCard": null,
    "imageUrl": "https://cdn.barbora.lv/products/34ed32c0-6769-478c-adfc-196319d18bf6_s.png",
    "available": true,
    "discount": null
  },
  {
    "shop": "MAXIMA",
    "categories": [
      1,
      1001,
      1001001
    ],
    "productName": "Alus CARLSBERG 5% 0,5L D",
    "productPriceOld": null,
    "productPrice": {
      "value": 1.87,
      "unit": "€"
    },
    "productPricePerUnit": {
      "value": 3.74,
      "unit": "€/l"
    },
    "productPriceWithLoyaltyCard": null,
    "productPricePerUnitWithLoyaltyCard": null,
    "imageUrl": "https://cdn.barbora.lv/products/78e6acd4-54fe-4f4c-a8a8-2e3067981792_s.png",
    "available": true,
    "discount": null
  },
  {
    "shop": "MAXIMA",
    "categories": [
      1,
      1001,
      1001001
    ],
    "productName": "Alus TĒRVETES gaišais 5,3% 0,5L D",
    "productPriceOld": null,
    "productPrice": {
      "value": 1.88,
      "unit": "€"
    },
    "productPricePerUnit": {
      "value": 3.76,
      "unit": "€/l"
    },
    "productPriceWithLoyaltyCard": null,
    "productPricePerUnitWithLoyaltyCard": null,
    "imageUrl": "https://cdn.barbora.lv/products/8f46dd91-e2cc-4faa-9337-1ef8233ce08a_s.png",
    "available": true,
    "discount": null
  },
  {
    "shop": "MAXIMA",
    "categories": [
      2,
      2001,
      2001002
    ],
    "productName": "Baltmaize Druva Zelta Mākoņmaize 450g",
    "productPriceOld": null,
    "productPrice": {
      "value": 1.69,
      "unit": "€"
    },
    "productPricePerUnit": {
      "value": 3.76,
      "unit": "€/kg"
    },
    "productPriceWithLoyaltyCard": null,
    "productPricePerUnitWithLoyaltyCard": null,
    "imageUrl": "https://cdn.barbora.lv/products/c2cf621f-83f9-4e06-aedc-a4c5819f9f66_s.png",
    "available": true,
    "discount": null
  },
  {
    "shop": "RIMI",
    "categories": [
      2,
      2001,
      2001004
    ],
    "productName": "Rudzu maize Kuldīgas Garšīgā sagriezta 500g",
    "productPriceOld": null,
    "productPrice": {
      "value": 1.89,
      "unit": "€/gab"
    },
    "productPricePerUnit": {
      "value": 3.78,
      "unit": "€/kg"
    },
    "productPriceWithLoyaltyCard": null,
    "productPricePerUnitWithLoyaltyCard": null,
    "imageUrl": "https://rimibaltic-res.cloudinary.com/image/upload/d_ecommerce:backend-fallback.png/MAT_284612_PCE_LV",
    "available": true,
    "discount": null
  },
  {
    "shop": "RIMI",
    "categories": [
      2,
      2001,
      2001008
    ],
    "productName": "Maize Spēka ar graudiem bez rauga 500g",
    "productPriceOld": null,
    "productPrice": {
      "value": 1.89,
      "unit": "€/gab"
    },
    "productPricePerUnit": {
      "value": 3.78,
      "unit": "€/kg"
    },
    "productPriceWithLoyaltyCard": null,
    "productPricePerUnitWithLoyaltyCard": null,
    "imageUrl": "https://rimibaltic-res.cloudinary.com/image/upload/d_ecommerce:backend-fallback.png/MAT_284561_PCE_LV",
    "available": true,
    "discount": null
  },
  {
    "shop": "RIMI",
    "categories": [
      2,
      2001,
      2001003
    ],
    "productName": "Tostermaize Dona ar sēklām 500g",
    "productPriceOld": null,
    "productPrice": {
      "value": 1.89,
      "unit": "€/gab"
    },
    "productPricePerUnit": {
      "value": 3.78,
      "unit": "€/kg"
    },
    "productPriceWithLoyaltyCard": null,
    "productPricePerUnitWithLoyaltyCard": null,
    "imageUrl": "https://rimibaltic-res.cloudinary.com/image/upload/d_ecommerce:backend-fallback.png/MAT_4006917_PCE_LV",
    "available": true,
    "discount": null
  },
  {
    "shop": "RIMI",
    "categories": [
      1,
      1003,
      1003001
    ],
    "productName": "Bezalkoholiskais alus Mežpils Talkotājs 0,5l",
    "productPriceOld": null,
    "productPrice": {
      "value": 1.89,
      "unit": "€/gab"
    },
    "productPricePerUnit": {
      "value": 3.78,
      "unit": "€/l"
    },
    "productPriceWithLoyaltyCard": null,
    "productPricePerUnitWithLoyaltyCard": null,
    "imageUrl": "https://rimibaltic-res.cloudinary.com/image/upload/d_ecommerce:backend-fallback.png/MAT_1374029_PCE_LV",
    "available": true,
    "discount": null
  },
  {
    "shop": "RIMI",
    "categories": [
      1,
      1003,
      1003005
    ],
    "productName": "Bezalk. kokteilis Johan Freitag Gin 0,5l",
    "productPriceOld": null,
    "productPrice": {
      "value": 1.89,
      "unit": "€/gab"
    },
    "productPricePerUnit": {
      "value": 3.78,
      "unit": "€/l"
    },
    "productPriceWithLoyaltyCard": null,
    "productPricePerUnitWithLoyaltyCard": null,
    "imageUrl": "https://rimibaltic-res.cloudinary.com/image/upload/d_ecommerce:backend-fallback.png/MAT_1368770_PCE_LV",
    "available": true,
    "discount": null
  },
  {
    "shop": "RIMI",
    "categories": [
      1,
      1001,
      1001001
    ],
    "productName": "Alus Tērvetes 5,3% 0,5l",
    "productPriceOld": null,
    "productPrice": {
      "value": 1.89,
      "unit": "€/gab"
    },
    "productPricePerUnit": {
      "value": 3.78,
      "unit": "€/l"
    },
    "productPriceWithLoyaltyCard": null,
    "productPricePerUnitWithLoyaltyCard": null,
    "imageUrl": "https://rimibaltic-res.cloudinary.com/image/upload/d_ecommerce:backend-fallback.png/MAT_461948_PCE_LV",
    "available": true,
    "discount": null
  },
  {
    "shop": "MAXIMA",
    "categories": [
      1,
      1003,
      1003001
    ],
    "productName": "Alus MEŽPILS bezalk. 500ml D",
    "productPriceOld": null,
    "productPrice": {
      "value": 1.89,
      "unit": "€"
    },
    "productPricePerUnit": {
      "value": 3.78,
      "unit": "€/l"
    },
    "productPriceWithLoyaltyCard": null,
    "productPricePerUnitWithLoyaltyCard": null,
    "imageUrl": "https://cdn.barbora.lv/products/54ee2695-f154-4e89-b04b-61afac8357eb_s.png",
    "available": true,
    "discount": null
  },
  {
    "shop": "MAXIMA",
    "categories": [
      2,
      2001,
      2001006
    ],
    "productName": "Rupjmaize Liepkalni Spēka bez rauga 500g",
    "productPriceOld": null,
    "productPrice": {
      "value": 1.89,
      "unit": "€"
    },
    "productPricePerUnit": {
      "value": 3.78,
      "unit": "€/kg"
    },
    "productPriceWithLoyaltyCard": null,
    "productPricePerUnitWithLoyaltyCard": null,
    "imageUrl": "https://cdn.barbora.lv/products/760c31f1-6b86-49f9-b6a5-d3b28fb1153a_s.png",
    "available": true,
    "discount": null
  },
  {
    "shop": "CITRO",
    "categories": [
      1,
      1001,
      1001001
    ],
    "productName": "ALUS BAUSKAS SPECIĀLAIS TUMŠAIS 5.5% 0.5L STIKLS",
    "productPriceOld": null,
    "productPrice": null,
    "productPricePerUnit": {
      "value": 3.78,
      "unit": "€/L"
    },
    "productPriceWithLoyaltyCard": null,
    "productPricePerUnitWithLoyaltyCard": null,
    "imageUrl": "https://rezekne.citro.lv/wp-content/uploads/2022/09/4751000791912-300x300.jpg",
    "available": true,
    "discount": null
  },
  {
    "shop": "CITRO",
    "categories": [
      1,
      1001,
      1001001
    ],
    "productName": "ALUS TĒRVETE ORIĢINĀLAIS 5.4% 0.5L STIKLS",
    "productPriceOld": null,
    "productPrice": null,
    "productPricePerUnit": {
      "value": 3.78,
      "unit": "€/L"
    },
    "productPriceWithLoyaltyCard": null,
    "productPricePerUnitWithLoyaltyCard": null,
    "imageUrl": "https://rezekne.citro.lv/wp-content/uploads/2022/04/4750440000998-300x300.jpg",
    "available": true,
    "discount": null
  },
  {
    "shop": "CITRO",
    "categories": [
      2,
      2001,
      2001003
    ],
    "productName": "LATVIJASM TOSTERMAIZE KRAUKŠĶĪGĀ 500G",
    "productPriceOld": null,
    "productPrice": null,
    "productPricePerUnit": {
      "value": 3.78,
      "unit": "€/KG"
    },
    "productPriceWithLoyaltyCard": null,
    "productPricePerUnitWithLoyaltyCard": null,
    "imageUrl": "https://rezekne.citro.lv/wp-content/uploads/2024/11/4750192758444-300x300.png",
    "available": true,
    "discount": null
  },
  {
    "shop": "RIMI",
    "categories": [
      1,
      1002,
      10010022
    ],
    "productName": "Enerģijas dzēriens Burn Original 0,33l",
    "productPriceOld": null,
    "productPrice": {
      "value": 1.25,
      "unit": "€/gab"
    },
    "productPricePerUnit": {
      "value": 3.79,
      "unit": "€/l"
    },
    "productPriceWithLoyaltyCard": null,
    "productPricePerUnitWithLoyaltyCard": null,
    "imageUrl": "https://rimibaltic-res.cloudinary.com/image/upload/d_ecommerce:backend-fallback.png/MAT_1366910_PCE_LV",
    "available": true,
    "discount": null
  },
  {
    "shop": "RIMI",
    "categories": [
      1,
      1002,
      10010021
    ],
    "productName": "Gāzēts dzēriens Schweppes Tonic 0,33l",
    "productPriceOld": null,
    "productPrice": {
      "value": 1.25,
      "unit": "€/gab"
    },
    "productPricePerUnit": {
      "value": 3.79,
      "unit": "€/l"
    },
    "productPriceWithLoyaltyCard": null,
    "productPricePerUnitWithLoyaltyCard": null,
    "imageUrl": "https://rimibaltic-res.cloudinary.com/image/upload/d_ecommerce:backend-fallback.png/MAT_1366291_PCE_LV",
    "available": true,
    "discount": null
  },
  {
    "shop": "RIMI",
    "categories": [
      1,
      1002,
      10010022
    ],
    "productName": "Enerģijas dzēriens Burn Pass Punch 0,33l",
    "productPriceOld": null,
    "productPrice": {
      "value": 1.25,
      "unit": "€/gab"
    },
    "productPricePerUnit": {
      "value": 3.79,
      "unit": "€/l"
    },
    "productPriceWithLoyaltyCard": null,
    "productPricePerUnitWithLoyaltyCard": null,
    "imageUrl": "https://rimibaltic-res.cloudinary.com/image/upload/d_ecommerce:backend-fallback.png/MAT_1366911_PCE_LV",
    "available": true,
    "discount": null
  },
  {
    "shop": "RIMI",
    "categories": [
      1,
      1001,
      10010019
    ],
    "productName": "Gāzēts dzēriens Schweppes Bitter Lemon 0,33l",
    "productPriceOld": null,
    "productPrice": {
      "value": 1.25,
      "unit": "€/gab"
    },
    "productPricePerUnit": {
      "value": 3.79,
      "unit": "€/l"
    },
    "productPriceWithLoyaltyCard": null,
    "productPricePerUnitWithLoyaltyCard": null,
    "imageUrl": "https://rimibaltic-res.cloudinary.com/image/upload/d_ecommerce:backend-fallback.png/MAT_1366290_PCE_LV",
    "available": true,
    "discount": null
  },
  {
    "shop": "RIMI",
    "categories": [
      1,
      1002,
      10010021
    ],
    "productName": "Gāz.dz. Schweppes Blueb. Mojito bezalk. 330ml",
    "productPriceOld": null,
    "productPrice": {
      "value": 1.25,
      "unit": "€/gab"
    },
    "productPricePerUnit": {
      "value": 3.79,
      "unit": "€/l"
    },
    "productPriceWithLoyaltyCard": null,
    "productPricePerUnitWithLoyaltyCard": null,
    "imageUrl": "https://rimibaltic-res.cloudinary.com/image/upload/d_ecommerce:backend-fallback.png/MAT_1374778_PCE_LV",
    "available": true,
    "discount": null
  },
  {
    "shop": "RIMI",
    "categories": [
      1,
      1001,
      1001001
    ],
    "productName": "Alus Bauskas tumšais 5,5% PET 1l",
    "productPriceOld": null,
    "productPrice": {
      "value": 3.79,
      "unit": "€/gab"
    },
    "productPricePerUnit": {
      "value": 3.79,
      "unit": "€/l"
    },
    "productPriceWithLoyaltyCard": null,
    "productPricePerUnitWithLoyaltyCard": null,
    "imageUrl": "https://rimibaltic-res.cloudinary.com/image/upload/d_ecommerce:backend-fallback.png/MAT_459069_PCE_LV",
    "available": true,
    "discount": null
  },
  {
    "shop": "MAXIMA",
    "categories": [
      1,
      1002,
      10010021
    ],
    "productName": "Gāzēts dz. SCHWEPPES toniks 0,33L D",
    "productPriceOld": null,
    "productPrice": {
      "value": 1.25,
      "unit": "€"
    },
    "productPricePerUnit": {
      "value": 3.79,
      "unit": "€/l"
    },
    "productPriceWithLoyaltyCard": null,
    "productPricePerUnitWithLoyaltyCard": null,
    "imageUrl": "https://cdn.barbora.lv/products/3c419245-b0d7-43b8-98de-cce74353463b_s.png",
    "available": true,
    "discount": null
  },
  {
    "shop": "MAXIMA",
    "categories": [
      1,
      1001,
      10010019
    ],
    "productName": "Gāzēts dzēriens SCHWEPPES Bitter Lemon 0,33L D",
    "productPriceOld": null,
    "productPrice": {
      "value": 1.25,
      "unit": "€"
    },
    "productPricePerUnit": {
      "value": 3.79,
      "unit": "€/l"
    },
    "productPriceWithLoyaltyCard": null,
    "productPricePerUnitWithLoyaltyCard": null,
    "imageUrl": "https://cdn.barbora.lv/products/594d8c7b-50fd-4721-ae46-d29b89aa5c44_s.png",
    "available": true,
    "discount": null
  },
  {
    "shop": "MAXIMA",
    "categories": [
      1,
      1001,
      1001001
    ],
    "productName": "Alus dzēriens VALMIERMUIŽAS Frišs plūškoka 2,8% 0,5L D",
    "productPriceOld": null,
    "productPrice": {
      "value": 1.9,
      "unit": "€"
    },
    "productPricePerUnit": {
      "value": 3.8,
      "unit": "€/l"
    },
    "productPriceWithLoyaltyCard": null,
    "productPricePerUnitWithLoyaltyCard": null,
    "imageUrl": "https://cdn.barbora.lv/products/c6832401-883e-46c9-bde7-d26f24bf19cf_s.png",
    "available": true,
    "discount": null
  },
  {
    "shop": "CITRO",
    "categories": [
      1,
      1002,
      10010020
    ],
    "productName": "SULA TYMBARK BALTO VĪNOGU ALVEJAS 0.25L",
    "productPriceOld": null,
    "productPrice": null,
    "productPricePerUnit": {
      "value": 3.8,
      "unit": "€/L"
    },
    "productPriceWithLoyaltyCard": null,
    "productPricePerUnitWithLoyaltyCard": null,
    "imageUrl": "https://rezekne.citro.lv/wp-content/uploads/2024/03/5900334000873-300x300.jpg",
    "available": true,
    "discount": null
  },
  {
    "shop": "CITRO",
    "categories": [
      1,
      1002,
      10010020
    ],
    "productName": "SULA TYMBARK ĶIRŠU-ĀBOLU 0.25L",
    "productPriceOld": null,
    "productPrice": null,
    "productPricePerUnit": {
      "value": 3.8,
      "unit": "€/L"
    },
    "productPriceWithLoyaltyCard": null,
    "productPricePerUnitWithLoyaltyCard": null,
    "imageUrl": "https://rezekne.citro.lv/wp-content/uploads/2024/02/5900334000880-300x300.jpg",
    "available": true,
    "discount": null
  },
  {
    "shop": "CITRO",
    "categories": [
      1,
      1002,
      10010027
    ],
    "productName": "DZĒRIENS TYMBARK APELSĪNU-PERSIKU 0.25L",
    "productPriceOld": null,
    "productPrice": null,
    "productPricePerUnit": {
      "value": 3.8,
      "unit": "€/L"
    },
    "productPriceWithLoyaltyCard": null,
    "productPricePerUnitWithLoyaltyCard": null,
    "imageUrl": "https://rezekne.citro.lv/wp-content/uploads/2024/02/5900334000835-1-300x300.jpg",
    "available": true,
    "discount": null
  },
  {
    "shop": "MAXIMA",
    "categories": [
      2,
      2001,
      2001003
    ],
    "productName": "Tostermaize Latv.Tost Maize rudzu 390g",
    "productPriceOld": {
      "value": 1.99,
      "unit": "€"
    },
    "productPrice": {
      "value": 1.49,
      "unit": "€"
    },
    "productPricePerUnit": {
      "value": 3.82,
      "unit": "€/kg"
    },
    "productPriceWithLoyaltyCard": null,
    "productPricePerUnitWithLoyaltyCard": null,
    "imageUrl": "https://cdn.barbora.lv/products/43965903-6e92-4965-a515-9f59349f90bc_s.png",
    "available": true,
    "discount": 25
  },
  {
    "shop": "CITRO",
    "categories": [
      2,
      2001,
      2001003
    ],
    "productName": "LATVIJASM TOSTERMAIZE 100% RUDZU MILTI 390G",
    "productPriceOld": {
      "value": 1.89,
      "unit": "€"
    },
    "productPrice": {
      "value": 1.49,
      "unit": "€"
    },
    "productPricePerUnit": {
      "value": 3.82,
      "unit": "€/KG"
    },
    "productPriceWithLoyaltyCard": null,
    "productPricePerUnitWithLoyaltyCard": null,
    "imageUrl": "https://rezekne.citro.lv/wp-content/uploads/2024/11/4750192758413-300x300.jpg",
    "available": true,
    "discount": 21
  },
  {
    "shop": "RIMI",
    "categories": [
      1,
      1001,
      1001002
    ],
    "productName": "Sidrs Somersby bumbieru 4,5% 1l",
    "productPriceOld": null,
    "productPrice": {
      "value": 3.85,
      "unit": "€/gab"
    },
    "productPricePerUnit": {
      "value": 3.85,
      "unit": "€/l"
    },
    "productPriceWithLoyaltyCard": null,
    "productPricePerUnitWithLoyaltyCard": null,
    "imageUrl": "https://rimibaltic-res.cloudinary.com/image/upload/d_ecommerce:backend-fallback.png/MAT_1362168_PCE_LV",
    "available": true,
    "discount": null
  },
  {
    "shop": "RIMI",
    "categories": [
      1,
      1001,
      1001002
    ],
    "productName": "Sidrs Somersby ābolu 4,5% 1l",
    "productPriceOld": null,
    "productPrice": {
      "value": 3.85,
      "unit": "€/gab"
    },
    "productPricePerUnit": {
      "value": 3.85,
      "unit": "€/l"
    },
    "productPriceWithLoyaltyCard": null,
    "productPricePerUnitWithLoyaltyCard": null,
    "imageUrl": "https://rimibaltic-res.cloudinary.com/image/upload/d_ecommerce:backend-fallback.png/MAT_1359575_PCE_LV",
    "available": true,
    "discount": null
  },
  {
    "shop": "RIMI",
    "categories": [
      1,
      1002,
      10010020
    ],
    "productName": "Dzēriens Maikai ličī sulas, ar gabal. 280ml",
    "productPriceOld": {
      "value": 1.69,
      "unit": "€"
    },
    "productPrice": {
      "value": 1.09,
      "unit": "€/gab"
    },
    "productPricePerUnit": {
      "value": 3.89,
      "unit": "€/l"
    },
    "productPriceWithLoyaltyCard": null,
    "productPricePerUnitWithLoyaltyCard": null,
    "imageUrl": "https://rimibaltic-res.cloudinary.com/image/upload/d_ecommerce:backend-fallback.png/MAT_1375235_PCE_LV",
    "available": true,
    "discount": 36
  },
  {
    "shop": "RIMI",
    "productName": "Dzēr.Maikai ar kokosriek. garšu un gab. 280ml",
    "productPriceOld": {
      "value": 1.69,
      "unit": "€"
    },
    "productPrice": {
      "value": 1.09,
      "unit": "€/gab"
    },
    "productPricePerUnit": {
      "value": 3.89,
      "unit": "€/l"
    },
    "productPriceWithLoyaltyCard": null,
    "productPricePerUnitWithLoyaltyCard": null,
    "imageUrl": "https://rimibaltic-res.cloudinary.com/image/upload/d_ecommerce:backend-fallback.png/MAT_1375223_PCE_LV",
    "available": true,
    "discount": 36,
    "categories": [
      1,
      1002,
      10010027
    ]
  },
  {
    "shop": "RIMI",
    "productName": "Dzēr. Maikai ar ananāsu garšu un gabal. 280ml",
    "productPriceOld": {
      "value": 1.69,
      "unit": "€"
    },
    "productPrice": {
      "value": 1.09,
      "unit": "€/gab"
    },
    "productPricePerUnit": {
      "value": 3.89,
      "unit": "€/l"
    },
    "productPriceWithLoyaltyCard": null,
    "productPricePerUnitWithLoyaltyCard": null,
    "imageUrl": "https://rimibaltic-res.cloudinary.com/image/upload/d_ecommerce:backend-fallback.png/MAT_1375236_PCE_LV",
    "available": true,
    "discount": 36,
    "categories": [
      1,
      1002,
      10010027
    ]
  },
  {
    "shop": "RIMI",
    "productName": "Dzēr. Maikai ar zemeņu garšu un gabal. 280ml",
    "productPriceOld": {
      "value": 1.69,
      "unit": "€"
    },
    "productPrice": {
      "value": 1.09,
      "unit": "€/gab"
    },
    "productPricePerUnit": {
      "value": 3.89,
      "unit": "€/l"
    },
    "productPriceWithLoyaltyCard": null,
    "productPricePerUnitWithLoyaltyCard": null,
    "imageUrl": "https://rimibaltic-res.cloudinary.com/image/upload/d_ecommerce:backend-fallback.png/MAT_1375246_PCE_LV",
    "available": true,
    "discount": 36,
    "categories": [
      1,
      1002,
      10010027
    ]
  },
  {
    "shop": "RIMI",
    "productName": "Dzēriens Maikai mango, ar gabaliņiem 280ml",
    "productPriceOld": {
      "value": 1.69,
      "unit": "€"
    },
    "productPrice": {
      "value": 1.09,
      "unit": "€/gab"
    },
    "productPricePerUnit": {
      "value": 3.89,
      "unit": "€/l"
    },
    "productPriceWithLoyaltyCard": null,
    "productPricePerUnitWithLoyaltyCard": null,
    "imageUrl": "https://rimibaltic-res.cloudinary.com/image/upload/d_ecommerce:backend-fallback.png/MAT_1375229_PCE_LV",
    "available": true,
    "discount": 36,
    "categories": [
      1,
      1002,
      10010027
    ]
  },
  {
    "shop": "RIMI",
    "categories": [
      1,
      1001,
      1001001
    ],
    "productName": "Alus Mežpils Ķemeru vēsais 4,2% 0,5l",
    "productPriceOld": null,
    "productPrice": {
      "value": 2.35,
      "unit": "€/gab"
    },
    "productPricePerUnit": {
      "value": 4.7,
      "unit": "€/l"
    },
    "productPriceWithLoyaltyCard": {
      "value": 1.95,
      "unit": "€"
    },
    "productPricePerUnitWithLoyaltyCard": {
      "value": 3.9,
      "unit": "€/l"
    },
    "imageUrl": "https://rimibaltic-res.cloudinary.com/image/upload/d_ecommerce:backend-fallback.png/MAT_1374325_PCE_LV",
    "available": true,
    "discount": 17
  },
  {
    "shop": "RIMI",
    "categories": [
      1,
      1001,
      1001001
    ],
    "productName": "Alus Brālis tumšais 5,8% 0,5l",
    "productPriceOld": null,
    "productPrice": {
      "value": 1.95,
      "unit": "€/gab"
    },
    "productPricePerUnit": {
      "value": 3.9,
      "unit": "€/l"
    },
    "productPriceWithLoyaltyCard": null,
    "productPricePerUnitWithLoyaltyCard": null,
    "imageUrl": "https://rimibaltic-res.cloudinary.com/image/upload/d_ecommerce:backend-fallback.png/MAT_1360321_PCE_LV",
    "available": true,
    "discount": null
  },
  {
    "shop": "RIMI",
    "categories": [
      1,
      1001,
      1001001
    ],
    "productName": "Alus Bavaria Pilsener 5,0%, 0,5l",
    "productPriceOld": null,
    "productPrice": {
      "value": 1.95,
      "unit": "€/gab"
    },
    "productPricePerUnit": {
      "value": 3.9,
      "unit": "€/l"
    },
    "productPriceWithLoyaltyCard": null,
    "productPricePerUnitWithLoyaltyCard": null,
    "imageUrl": "https://rimibaltic-res.cloudinary.com/image/upload/d_ecommerce:backend-fallback.png/MAT_1374157_PCE_LV",
    "available": true,
    "discount": null
  },
  {
    "shop": "MAXIMA",
    "categories": [
      2,
      2001,
      20010012
    ],
    "productName": "Maizīte Ciabatta mini tumšā 100g",
    "productPriceOld": null,
    "productPrice": {
      "value": 0.39,
      "unit": "€"
    },
    "productPricePerUnit": {
      "value": 3.9,
      "unit": "€/kg"
    },
    "productPriceWithLoyaltyCard": null,
    "productPricePerUnitWithLoyaltyCard": null,
    "imageUrl": "https://cdn.barbora.lv/products/47de1ce6-c8af-4d89-842d-913eba5d041c_s.png",
    "available": true,
    "discount": null
  },
  {
    "shop": "MAXIMA",
    "categories": [
      2,
      2001,
      20010012
    ],
    "productName": "Maizīte Ciabatta mini gaišā 100g",
    "productPriceOld": null,
    "productPrice": {
      "value": 0.39,
      "unit": "€"
    },
    "productPricePerUnit": {
      "value": 3.9,
      "unit": "€/kg"
    },
    "productPriceWithLoyaltyCard": null,
    "productPricePerUnitWithLoyaltyCard": null,
    "imageUrl": "https://cdn.barbora.lv/products/14e4bb39-0ebb-4333-9e96-79a359e0de69_s.png",
    "available": true,
    "discount": null
  },
  {
    "shop": "CITRO",
    "categories": [
      1,
      1001,
      1001001
    ],
    "productName": "ALUS MEDALUS ORIĢ. IĻĢUCIEMA 5.5% 0.5L STIKLS",
    "productPriceOld": null,
    "productPrice": null,
    "productPricePerUnit": {
      "value": 3.9,
      "unit": "€/L"
    },
    "productPriceWithLoyaltyCard": null,
    "productPricePerUnitWithLoyaltyCard": null,
    "imageUrl": "https://rezekne.citro.lv/wp-content/uploads/2022/08/4750239005067-300x300.jpg",
    "available": true,
    "discount": null
  },
  {
    "shop": "RIMI",
    "categories": [
      1,
      1003,
      1003001
    ],
    "productName": "Alus Estrella Damm Barcelona bezalkohol.0,33l",
    "productPriceOld": null,
    "productPrice": {
      "value": 1.29,
      "unit": "€/gab"
    },
    "productPricePerUnit": {
      "value": 3.91,
      "unit": "€/l"
    },
    "productPriceWithLoyaltyCard": null,
    "productPricePerUnitWithLoyaltyCard": null,
    "imageUrl": "https://rimibaltic-res.cloudinary.com/image/upload/d_ecommerce:backend-fallback.png/MAT_1371850_PCE_LV",
    "available": true,
    "discount": null
  },
  {
    "shop": "RIMI",
    "categories": [
      1,
      1002,
      10010022
    ],
    "productName": "Enerģijas dz. Battery Juiced Breeze 0,33l",
    "productPriceOld": null,
    "productPrice": {
      "value": 1.29,
      "unit": "€/gab"
    },
    "productPricePerUnit": {
      "value": 3.91,
      "unit": "€/l"
    },
    "productPriceWithLoyaltyCard": null,
    "productPricePerUnitWithLoyaltyCard": null,
    "imageUrl": "https://rimibaltic-res.cloudinary.com/image/upload/d_ecommerce:backend-fallback.png/MAT_1374028_PCE_LV",
    "available": true,
    "discount": null
  },
  {
    "shop": "RIMI",
    "categories": [
      1,
      1001,
      1001001
    ],
    "productName": "Alus dzēriens Dlight Energy 2,9% 0,33l",
    "productPriceOld": {
      "value": 1.55,
      "unit": "€"
    },
    "productPrice": {
      "value": 1.29,
      "unit": "€/gab"
    },
    "productPricePerUnit": {
      "value": 3.91,
      "unit": "€/l"
    },
    "productPriceWithLoyaltyCard": null,
    "productPricePerUnitWithLoyaltyCard": null,
    "imageUrl": "https://rimibaltic-res.cloudinary.com/image/upload/d_ecommerce:backend-fallback.png/MAT_1352601_PCE_LV",
    "available": true,
    "discount": 17
  },
  {
    "shop": "CITRO",
    "categories": [
      1,
      1003,
      1003001
    ],
    "productName": "ALUS BEZALK. KRONENBOURG 1664 BLANC AFB 0.5% 0.33L STIKLS",
    "productPriceOld": {
      "value": 1.49,
      "unit": "€"
    },
    "productPrice": {
      "value": 1.29,
      "unit": "€"
    },
    "productPricePerUnit": {
      "value": 3.91,
      "unit": "€/L"
    },
    "productPriceWithLoyaltyCard": null,
    "productPricePerUnitWithLoyaltyCard": null,
    "imageUrl": "https://rezekne.citro.lv/wp-content/uploads/2022/04/4770349231392-300x300.jpg",
    "available": true,
    "discount": 13
  },
  {
    "shop": "MAXIMA",
    "categories": [
      1,
      1001,
      1001001
    ],
    "productName": "Alus MILLER 4,7% 0,5L sk.D",
    "productPriceOld": null,
    "productPrice": {
      "value": 1.97,
      "unit": "€"
    },
    "productPricePerUnit": {
      "value": 3.94,
      "unit": "€/l"
    },
    "productPriceWithLoyaltyCard": null,
    "productPricePerUnitWithLoyaltyCard": null,
    "imageUrl": "https://cdn.barbora.lv/products/96e60e6c-ec32-4738-aa66-60c7f794b468_s.png",
    "available": true,
    "discount": null
  },
  {
    "shop": "RIMI",
    "categories": [
      2,
      2001,
      2001003
    ],
    "productName": "Tostermaize Fazer Gardā mini 240g",
    "productPriceOld": null,
    "productPrice": {
      "value": 0.95,
      "unit": "€/gab"
    },
    "productPricePerUnit": {
      "value": 3.96,
      "unit": "€/kg"
    },
    "productPriceWithLoyaltyCard": null,
    "productPricePerUnitWithLoyaltyCard": null,
    "imageUrl": "https://rimibaltic-res.cloudinary.com/image/upload/d_ecommerce:backend-fallback.png/MAT_907457_PCE_LV",
    "available": true,
    "discount": null
  },
  {
    "shop": "RIMI",
    "categories": [
      2,
      2001,
      2001003
    ],
    "productName": "Tostermaize Īstā Lāči 240g",
    "productPriceOld": {
      "value": 1.09,
      "unit": "€"
    },
    "productPrice": {
      "value": 0.95,
      "unit": "€/gab"
    },
    "productPricePerUnit": {
      "value": 3.96,
      "unit": "€/kg"
    },
    "productPriceWithLoyaltyCard": null,
    "productPricePerUnitWithLoyaltyCard": null,
    "imageUrl": "https://rimibaltic-res.cloudinary.com/image/upload/d_ecommerce:backend-fallback.png/MAT_914510_PCE_LV",
    "available": true,
    "discount": 13
  },
  {
    "shop": "MAXIMA",
    "categories": [
      1,
      1002,
      10010021
    ],
    "productName": "Gāzēts dzēriens PACHA Zero ar ananasu un mango garšu 0,25L",
    "productPriceOld": {
      "value": 1.59,
      "unit": "€"
    },
    "productPrice": {
      "value": 1.59,
      "unit": "€"
    },
    "productPricePerUnit": {
      "value": 6.36,
      "unit": "€/l"
    },
    "productPriceWithLoyaltyCard": {
      "value": 0.99,
      "unit": "€"
    },
    "productPricePerUnitWithLoyaltyCard": {
      "value": 3.96,
      "unit": "€/l"
    },
    "imageUrl": "https://cdn.barbora.lv/products/cde3d1ff-5fe5-45d6-a1a6-946a4d952a9a_s.png",
    "available": true,
    "discount": 38
  },
  {
    "shop": "MAXIMA",
    "categories": [
      1,
      1002,
      10010021
    ],
    "productName": "Gāzēts dzēriens PACHA Zero ar persiku un ķiršu garšu 0,25L",
    "productPriceOld": {
      "value": 1.59,
      "unit": "€"
    },
    "productPrice": {
      "value": 1.59,
      "unit": "€"
    },
    "productPricePerUnit": {
      "value": 6.36,
      "unit": "€/l"
    },
    "productPriceWithLoyaltyCard": {
      "value": 0.99,
      "unit": "€"
    },
    "productPricePerUnitWithLoyaltyCard": {
      "value": 3.96,
      "unit": "€/l"
    },
    "imageUrl": "https://cdn.barbora.lv/products/0b29b771-cdf3-4dd2-9f33-da1a4842fdec_s.png",
    "available": true,
    "discount": 38
  },
  {
    "shop": "MAXIMA",
    "categories": [
      1,
      1002,
      10010021
    ],
    "productName": "Gāzēts dzēriens PACHA Zero ar citronu un kaktusu garšu 0,25L",
    "productPriceOld": {
      "value": 1.59,
      "unit": "€"
    },
    "productPrice": {
      "value": 1.59,
      "unit": "€"
    },
    "productPricePerUnit": {
      "value": 6.36,
      "unit": "€/l"
    },
    "productPriceWithLoyaltyCard": {
      "value": 0.99,
      "unit": "€"
    },
    "productPricePerUnitWithLoyaltyCard": {
      "value": 3.96,
      "unit": "€/l"
    },
    "imageUrl": "https://cdn.barbora.lv/products/39bbd5c6-b7a0-496a-80fb-1b7a2ee67e18_s.png",
    "available": true,
    "discount": 38
  },
  {
    "shop": "MAXIMA",
    "categories": [
      1,
      1001,
      1001001
    ],
    "productName": "Alus IĻĢUCIEMA Ekstra 5,8% 0,5L D",
    "productPriceOld": null,
    "productPrice": {
      "value": 1.98,
      "unit": "€"
    },
    "productPricePerUnit": {
      "value": 3.96,
      "unit": "€/l"
    },
    "productPriceWithLoyaltyCard": null,
    "productPricePerUnitWithLoyaltyCard": null,
    "imageUrl": "https://cdn.barbora.lv/products/d5c56e7e-67ca-4bfa-8d9a-11beb6312c24_s.png",
    "available": true,
    "discount": null
  },
  {
    "shop": "CITRO",
    "categories": [
      1,
      1002,
      10010027
    ],
    "productName": "KAFIJAS DZĒRIENS EIS COFFEE 250G",
    "productPriceOld": null,
    "productPrice": null,
    "productPricePerUnit": {
      "value": 3.96,
      "unit": "€/KG"
    },
    "productPriceWithLoyaltyCard": null,
    "productPricePerUnitWithLoyaltyCard": null,
    "imageUrl": "https://rezekne.citro.lv/wp-content/uploads/2022/06/4003490096542-300x300.jpg",
    "available": true,
    "discount": null
  },
  {
    "shop": "CITRO",
    "categories": [
      1,
      1002,
      10010027
    ],
    "productName": "KAFIJAS DZĒRIENS EIS COFFEE 250G",
    "productPriceOld": null,
    "productPrice": null,
    "productPricePerUnit": {
      "value": 3.96,
      "unit": "€/KG"
    },
    "productPriceWithLoyaltyCard": null,
    "productPricePerUnitWithLoyaltyCard": null,
    "imageUrl": "https://rezekne.citro.lv/wp-content/uploads/2022/06/4003490096542-300x300.jpg",
    "available": true,
    "discount": null
  },
  {
    "shop": "RIMI",
    "categories": [
      2,
      2001,
      2001002
    ],
    "productName": "Baltmaize Fazer kefīra 350g",
    "productPriceOld": null,
    "productPrice": {
      "value": 1.39,
      "unit": "€/gab"
    },
    "productPricePerUnit": {
      "value": 3.97,
      "unit": "€/kg"
    },
    "productPriceWithLoyaltyCard": null,
    "productPricePerUnitWithLoyaltyCard": null,
    "imageUrl": "https://rimibaltic-res.cloudinary.com/image/upload/d_ecommerce:backend-fallback.png/MAT_918897_PCE_LV",
    "available": true,
    "discount": null
  },
  {
    "shop": "RIMI",
    "categories": [
      2,
      2001,
      2001006
    ],
    "productName": "Rupjmaize Latviskā 400g",
    "productPriceOld": null,
    "productPrice": {
      "value": 1.59,
      "unit": "€/gab"
    },
    "productPricePerUnit": {
      "value": 3.97,
      "unit": "€/kg"
    },
    "productPriceWithLoyaltyCard": null,
    "productPricePerUnitWithLoyaltyCard": null,
    "imageUrl": "https://rimibaltic-res.cloudinary.com/image/upload/d_ecommerce:backend-fallback.png/MAT_221986_PCE_LV",
    "available": true,
    "discount": null
  },
  {
    "shop": "RIMI",
    "categories": [
      2,
      2001,
      2001004
    ],
    "productName": "Rudzu maize Dona Pilsētnieku, sagriezta 400g",
    "productPriceOld": null,
    "productPrice": {
      "value": 1.59,
      "unit": "€/gab"
    },
    "productPricePerUnit": {
      "value": 3.97,
      "unit": "€/kg"
    },
    "productPriceWithLoyaltyCard": null,
    "productPricePerUnitWithLoyaltyCard": null,
    "imageUrl": "https://rimibaltic-res.cloudinary.com/image/upload/d_ecommerce:backend-fallback.png/MAT_996404_PCE_LV",
    "available": true,
    "discount": null
  },
  {
    "shop": "MAXIMA",
    "categories": [
      2,
      2001,
      20010015
    ],
    "productName": "Rīvmaize oranžā 300g",
    "productPriceOld": null,
    "productPrice": {
      "value": 1.19,
      "unit": "€"
    },
    "productPricePerUnit": {
      "value": 3.97,
      "unit": "€/kg"
    },
    "productPriceWithLoyaltyCard": null,
    "productPricePerUnitWithLoyaltyCard": null,
    "imageUrl": "https://cdn.barbora.lv/products/dada1cec-cba1-45c4-b375-97ec7afbcaf8_s.png",
    "available": true,
    "discount": null
  },
  {
    "shop": "RIMI",
    "categories": [
      2,
      2001,
      2001003
    ],
    "productName": "Tosterm. Latvijas Tost Maize kraukšķīgā 500g",
    "productPriceOld": null,
    "productPrice": {
      "value": 1.99,
      "unit": "€/gab"
    },
    "productPricePerUnit": {
      "value": 3.98,
      "unit": "€/kg"
    },
    "productPriceWithLoyaltyCard": null,
    "productPricePerUnitWithLoyaltyCard": null,
    "imageUrl": "https://rimibaltic-res.cloudinary.com/image/upload/d_ecommerce:backend-fallback.png/MAT_987367_PCE_LV",
    "available": true,
    "discount": null
  },
  {
    "shop": "RIMI",
    "categories": [
      2,
      2001,
      20010015
    ],
    "productName": "Sausiņi Rimi vaniļas 500g",
    "productPriceOld": null,
    "productPrice": {
      "value": 1.99,
      "unit": "€/gab"
    },
    "productPricePerUnit": {
      "value": 3.98,
      "unit": "€/kg"
    },
    "productPriceWithLoyaltyCard": null,
    "productPricePerUnitWithLoyaltyCard": null,
    "imageUrl": "https://rimibaltic-res.cloudinary.com/image/upload/d_ecommerce:backend-fallback.png/MAT_809092_PCE_LV",
    "available": true,
    "discount": null
  },
  {
    "shop": "RIMI",
    "categories": [
      2,
      2001,
      2001002
    ],
    "productName": "Rudzu baltmaize Lielmaize 500g",
    "productPriceOld": null,
    "productPrice": {
      "value": 1.99,
      "unit": "€/gab"
    },
    "productPricePerUnit": {
      "value": 3.98,
      "unit": "€/kg"
    },
    "productPriceWithLoyaltyCard": null,
    "productPricePerUnitWithLoyaltyCard": null,
    "imageUrl": "https://rimibaltic-res.cloudinary.com/image/upload/d_ecommerce:backend-fallback.png/MAT_978605_PCE_LV",
    "available": true,
    "discount": null
  },
  {
    "shop": "RIMI",
    "categories": [
      1,
      1003,
      1003001
    ],
    "productName": "Alus Valmiermuižas bezalkoholiskais 0,5l",
    "productPriceOld": null,
    "productPrice": {
      "value": 1.99,
      "unit": "€/gab"
    },
    "productPricePerUnit": {
      "value": 3.98,
      "unit": "€/l"
    },
    "productPriceWithLoyaltyCard": null,
    "productPricePerUnitWithLoyaltyCard": null,
    "imageUrl": "https://rimibaltic-res.cloudinary.com/image/upload/d_ecommerce:backend-fallback.png/MAT_1373226_PCE_LV",
    "available": true,
    "discount": null
  },
  {
    "shop": "RIMI",
    "categories": [
      1,
      1003,
      1003002
    ],
    "productName": "Sidrs Somersby Strawberry&Lime bezalk. 0,5l",
    "productPriceOld": null,
    "productPrice": {
      "value": 1.99,
      "unit": "€/gab"
    },
    "productPricePerUnit": {
      "value": 3.98,
      "unit": "€/l"
    },
    "productPriceWithLoyaltyCard": null,
    "productPricePerUnitWithLoyaltyCard": null,
    "imageUrl": "https://rimibaltic-res.cloudinary.com/image/upload/d_ecommerce:backend-fallback.png/MAT_1370698_PCE_LV",
    "available": true,
    "discount": null
  },
  {
    "shop": "RIMI",
    "categories": [
      1,
      1003,
      1003002
    ],
    "productName": "Sidrs Somersby bumbiera bezalkoholisks 0,5l",
    "productPriceOld": null,
    "productPrice": {
      "value": 1.99,
      "unit": "€/gab"
    },
    "productPricePerUnit": {
      "value": 3.98,
      "unit": "€/l"
    },
    "productPriceWithLoyaltyCard": null,
    "productPricePerUnitWithLoyaltyCard": null,
    "imageUrl": "https://rimibaltic-res.cloudinary.com/image/upload/d_ecommerce:backend-fallback.png/MAT_1367086_PCE_LV",
    "available": true,
    "discount": null
  },
  {
    "shop": "RIMI",
    "categories": [
      1,
      1003,
      1003002
    ],
    "productName": "Sidrs Somersby Mandarin bezalkoholiskais 0,5l",
    "productPriceOld": null,
    "productPrice": {
      "value": 1.99,
      "unit": "€/gab"
    },
    "productPricePerUnit": {
      "value": 3.98,
      "unit": "€/l"
    },
    "productPriceWithLoyaltyCard": null,
    "productPricePerUnitWithLoyaltyCard": null,
    "imageUrl": "https://rimibaltic-res.cloudinary.com/image/upload/d_ecommerce:backend-fallback.png/MAT_1374096_PCE_LV",
    "available": true,
    "discount": null
  },
  {
    "shop": "RIMI",
    "categories": [
      1,
      1001,
      1001001
    ],
    "productName": "Alus Valmiermuižas gaišais 5,2% 0,5l",
    "productPriceOld": null,
    "productPrice": {
      "value": 2.45,
      "unit": "€/gab"
    },
    "productPricePerUnit": {
      "value": 4.9,
      "unit": "€/l"
    },
    "productPriceWithLoyaltyCard": {
      "value": 1.99,
      "unit": "€"
    },
    "productPricePerUnitWithLoyaltyCard": {
      "value": 3.98,
      "unit": "€/l"
    },
    "imageUrl": "https://rimibaltic-res.cloudinary.com/image/upload/d_ecommerce:backend-fallback.png/MAT_1354296_PCE_LV",
    "available": true,
    "discount": 19
  },
  {
    "shop": "RIMI",
    "categories": [
      1,
      1001,
      1001001
    ],
    "productName": "Alus Valmiermuižas Krogus 5,3% 0,5l",
    "productPriceOld": null,
    "productPrice": {
      "value": 1.99,
      "unit": "€/gab"
    },
    "productPricePerUnit": {
      "value": 3.98,
      "unit": "€/l"
    },
    "productPriceWithLoyaltyCard": null,
    "productPricePerUnitWithLoyaltyCard": null,
    "imageUrl": "https://rimibaltic-res.cloudinary.com/image/upload/d_ecommerce:backend-fallback.png/MAT_1374864_PCE_LV",
    "available": true,
    "discount": null
  },
  {
    "shop": "RIMI",
    "categories": [
      1,
      1001,
      1001001
    ],
    "productName": "Alus Salitos Tequila 5,9%, 0,5l",
    "productPriceOld": {
      "value": 2.25,
      "unit": "€"
    },
    "productPrice": {
      "value": 1.99,
      "unit": "€/gab"
    },
    "productPricePerUnit": {
      "value": 3.98,
      "unit": "€/l"
    },
    "productPriceWithLoyaltyCard": null,
    "productPricePerUnitWithLoyaltyCard": null,
    "imageUrl": "https://rimibaltic-res.cloudinary.com/image/upload/d_ecommerce:backend-fallback.png/MAT_1374135_PCE_LV",
    "available": true,
    "discount": 12
  },
  {
    "shop": "RIMI",
    "categories": [
      1,
      1001,
      1001001
    ],
    "productName": "Alus k. Valmiermuižas Frišs plūšk. 2,8% 0,5l",
    "productPriceOld": null,
    "productPrice": {
      "value": 1.99,
      "unit": "€/gab"
    },
    "productPricePerUnit": {
      "value": 3.98,
      "unit": "€/l"
    },
    "productPriceWithLoyaltyCard": null,
    "productPricePerUnitWithLoyaltyCard": null,
    "imageUrl": "https://rimibaltic-res.cloudinary.com/image/upload/d_ecommerce:backend-fallback.png/MAT_1357247_PCE_LV",
    "available": true,
    "discount": null
  },
  {
    "shop": "RIMI",
    "categories": [
      1,
      1001,
      1001001
    ],
    "productName": "Alus Lielvārdes gaišais 5,2% 0,5l",
    "productPriceOld": null,
    "productPrice": {
      "value": 1.99,
      "unit": "€/gab"
    },
    "productPricePerUnit": {
      "value": 3.98,
      "unit": "€/l"
    },
    "productPriceWithLoyaltyCard": null,
    "productPricePerUnitWithLoyaltyCard": null,
    "imageUrl": "https://rimibaltic-res.cloudinary.com/image/upload/d_ecommerce:backend-fallback.png/MAT_1357082_PCE_LV",
    "available": true,
    "discount": null
  },
  {
    "shop": "RIMI",
    "categories": [
      1,
      1001,
      1001001
    ],
    "productName": "Alus Iļģuciema Extra 5,8% 0,5l",
    "productPriceOld": null,
    "productPrice": {
      "value": 1.99,
      "unit": "€/gab"
    },
    "productPricePerUnit": {
      "value": 3.98,
      "unit": "€/l"
    },
    "productPriceWithLoyaltyCard": null,
    "productPricePerUnitWithLoyaltyCard": null,
    "imageUrl": "https://rimibaltic-res.cloudinary.com/image/upload/d_ecommerce:backend-fallback.png/MAT_1368890_PCE_LV",
    "available": true,
    "discount": null
  },
  {
    "shop": "RIMI",
    "categories": [
      1,
      1001,
      1001001
    ],
    "productName": "Alus Blue Moon 5,4% 0,5l",
    "productPriceOld": null,
    "productPrice": {
      "value": 2.45,
      "unit": "€/gab"
    },
    "productPricePerUnit": {
      "value": 4.9,
      "unit": "€/l"
    },
    "productPriceWithLoyaltyCard": {
      "value": 1.99,
      "unit": "€"
    },
    "productPricePerUnitWithLoyaltyCard": {
      "value": 3.98,
      "unit": "€/l"
    },
    "imageUrl": "https://rimibaltic-res.cloudinary.com/image/upload/d_ecommerce:backend-fallback.png/MAT_1374212_PCE_LV",
    "available": true,
    "discount": 19
  },
  {
    "shop": "RIMI",
    "categories": [
      1,
      1001,
      1001001
    ],
    "productName": "Alus kokteilis Frišs ar aveņu garšu 2,6% 0,5l",
    "productPriceOld": null,
    "productPrice": {
      "value": 1.99,
      "unit": "€/gab"
    },
    "productPricePerUnit": {
      "value": 3.98,
      "unit": "€/l"
    },
    "productPriceWithLoyaltyCard": null,
    "productPricePerUnitWithLoyaltyCard": null,
    "imageUrl": "https://rimibaltic-res.cloudinary.com/image/upload/d_ecommerce:backend-fallback.png/MAT_1373164_PCE_LV",
    "available": true,
    "discount": null
  },
  {
    "shop": "MAXIMA",
    "categories": [
      1,
      1002,
      10010023
    ],
    "productName": "Kvass VALMIERMUIŽA 0,5L D",
    "productPriceOld": null,
    "productPrice": {
      "value": 1.99,
      "unit": "€"
    },
    "productPricePerUnit": {
      "value": 3.98,
      "unit": "€/l"
    },
    "productPriceWithLoyaltyCard": null,
    "productPricePerUnitWithLoyaltyCard": null,
    "imageUrl": "https://cdn.barbora.lv/products/0dd4dd7e-fd32-438d-bef9-39caa83cc86f_s.png",
    "available": true,
    "discount": null
  },
  {
    "shop": "MAXIMA",
    "categories": [
      1,
      1003,
      1003002
    ],
    "productName": "Sidrs SOMERSBY bumbieru b/a 500ml sk. D",
    "productPriceOld": null,
    "productPrice": {
      "value": 1.99,
      "unit": "€"
    },
    "productPricePerUnit": {
      "value": 3.98,
      "unit": "€/l"
    },
    "productPriceWithLoyaltyCard": null,
    "productPricePerUnitWithLoyaltyCard": null,
    "imageUrl": "https://cdn.barbora.lv/products/93d145a1-6669-4c5d-98f7-5783da229854_s.png",
    "available": true,
    "discount": null
  },
  {
    "shop": "MAXIMA",
    "categories": [
      1,
      1003,
      1003001
    ],
    "productName": "Alus VALMIERMUIŽAS b/a 500ml D",
    "productPriceOld": null,
    "productPrice": {
      "value": 1.99,
      "unit": "€"
    },
    "productPricePerUnit": {
      "value": 3.98,
      "unit": "€/l"
    },
    "productPriceWithLoyaltyCard": null,
    "productPricePerUnitWithLoyaltyCard": null,
    "imageUrl": "https://cdn.barbora.lv/products/8960f261-c0fb-4368-aab4-e93c79f889f5_s.png",
    "available": true,
    "discount": null
  },
  {
    "shop": "MAXIMA",
    "categories": [
      1,
      1003,
      1003002
    ],
    "productName": "Sidrs SOMERSBY zem.laims b/a 500ml sk. D",
    "productPriceOld": null,
    "productPrice": {
      "value": 1.99,
      "unit": "€"
    },
    "productPricePerUnit": {
      "value": 3.98,
      "unit": "€/l"
    },
    "productPriceWithLoyaltyCard": null,
    "productPricePerUnitWithLoyaltyCard": null,
    "imageUrl": "https://cdn.barbora.lv/products/8ca3d842-3cd9-42c4-beba-ffab1602b8a7_s.png",
    "available": true,
    "discount": null
  },
  {
    "shop": "MAXIMA",
    "categories": [
      1,
      1001,
      1001001
    ],
    "productName": "Alus BUDWEISER Budvar 5% 0,5L sk.D",
    "productPriceOld": null,
    "productPrice": {
      "value": 1.99,
      "unit": "€"
    },
    "productPricePerUnit": {
      "value": 3.98,
      "unit": "€/l"
    },
    "productPriceWithLoyaltyCard": null,
    "productPricePerUnitWithLoyaltyCard": null,
    "imageUrl": "https://cdn.barbora.lv/products/71e85e37-53e6-406d-b891-abcd8585c9bb_s.png",
    "available": true,
    "discount": null
  },
  {
    "shop": "MAXIMA",
    "categories": [
      1,
      1001,
      1001001
    ],
    "productName": "Alus VALMIERM.Naukšēnu tumšais 6% 0,5L D",
    "productPriceOld": {
      "value": 2.69,
      "unit": "€"
    },
    "productPrice": {
      "value": 1.99,
      "unit": "€"
    },
    "productPricePerUnit": {
      "value": 3.98,
      "unit": "€/l"
    },
    "productPriceWithLoyaltyCard": null,
    "productPricePerUnitWithLoyaltyCard": null,
    "imageUrl": "https://cdn.barbora.lv/products/978f947b-5003-4c2c-9cbb-258870a7414e_s.png",
    "available": true,
    "discount": 26
  },
  {
    "shop": "MAXIMA",
    "categories": [
      2,
      2001,
      2001002
    ],
    "productName": "Baltmaize kefīra Lielmaize LM 500g",
    "productPriceOld": null,
    "productPrice": {
      "value": 1.99,
      "unit": "€"
    },
    "productPricePerUnit": {
      "value": 3.98,
      "unit": "€/kg"
    },
    "productPriceWithLoyaltyCard": null,
    "productPricePerUnitWithLoyaltyCard": null,
    "imageUrl": "https://cdn.barbora.lv/products/92bf0bf7-de1d-47fb-8554-5475240fb3af_s.png",
    "available": true,
    "discount": null
  },
  {
    "shop": "MAXIMA",
    "categories": [
      2,
      2001,
      2001006
    ],
    "productName": "Rupjmaize Liepkalni Latviskā 400g",
    "productPriceOld": null,
    "productPrice": {
      "value": 1.59,
      "unit": "€"
    },
    "productPricePerUnit": {
      "value": 3.98,
      "unit": "€/kg"
    },
    "productPriceWithLoyaltyCard": null,
    "productPricePerUnitWithLoyaltyCard": null,
    "imageUrl": "https://cdn.barbora.lv/products/3520e86d-358a-4007-b34f-031e47bd6f76_s.png",
    "available": true,
    "discount": null
  },
  {
    "shop": "MAXIMA",
    "categories": [
      2,
      2001,
      2001004
    ],
    "productName": "Rudzu maize vegāniem ar kaņepēm 400g",
    "productPriceOld": null,
    "productPrice": {
      "value": 1.59,
      "unit": "€"
    },
    "productPricePerUnit": {
      "value": 3.98,
      "unit": "€/kg"
    },
    "productPriceWithLoyaltyCard": null,
    "productPricePerUnitWithLoyaltyCard": null,
    "imageUrl": "https://cdn.barbora.lv/products/70ac22c9-a431-4446-9ec2-2c040da175e0_s.png",
    "available": true,
    "discount": null
  },
  {
    "shop": "MAXIMA",
    "categories": [
      2,
      2001,
      2001003,
      2001001
    ],
    "productName": "Tostermaize Tostē pilngraudu ar sēklām HM 550g",
    "productPriceOld": null,
    "productPrice": {
      "value": 2.19,
      "unit": "€"
    },
    "productPricePerUnit": {
      "value": 3.98,
      "unit": "€/kg"
    },
    "productPriceWithLoyaltyCard": null,
    "productPricePerUnitWithLoyaltyCard": null,
    "imageUrl": "https://cdn.barbora.lv/products/abd9578a-c241-4b8b-b721-4cbed0c7e169_s.png",
    "available": true,
    "discount": null
  },
  {
    "shop": "CITRO",
    "categories": [
      1,
      1001,
      1001001
    ],
    "productName": "ALUS KOKT. GARAGE HARD ORANGE 6.0% 0.5L SKĀRD.",
    "productPriceOld": null,
    "productPrice": null,
    "productPricePerUnit": {
      "value": 3.98,
      "unit": "€/L"
    },
    "productPriceWithLoyaltyCard": null,
    "productPricePerUnitWithLoyaltyCard": null,
    "imageUrl": "https://rezekne.citro.lv/wp-content/uploads/2024/08/4740019002614-300x300.jpg",
    "available": true,
    "discount": null
  },
  {
    "shop": "CITRO",
    "categories": [
      1,
      1001,
      1001001
    ],
    "productName": "ALUS KOKT. GARAGE HARD TROPICAL 6.0% 0.5L SKĀRD.",
    "productPriceOld": null,
    "productPrice": null,
    "productPricePerUnit": {
      "value": 3.98,
      "unit": "€/L"
    },
    "productPriceWithLoyaltyCard": null,
    "productPricePerUnitWithLoyaltyCard": null,
    "imageUrl": "https://rezekne.citro.lv/wp-content/uploads/2024/08/4740019002621-300x300.jpg",
    "available": true,
    "discount": null
  },
  {
    "shop": "CITRO",
    "categories": [
      1,
      1001,
      1001005
    ],
    "productName": "ALK.KOKT. GARAGE HARD LEMON 4% 0.5L CAN",
    "productPriceOld": null,
    "productPrice": null,
    "productPricePerUnit": {
      "value": 3.98,
      "unit": "€/L"
    },
    "productPriceWithLoyaltyCard": null,
    "productPricePerUnitWithLoyaltyCard": null,
    "imageUrl": "https://rezekne.citro.lv/wp-content/uploads/2023/03/4750049002843-300x300.jpg",
    "available": true,
    "discount": null
  },
  {
    "shop": "CITRO",
    "categories": [
      1,
      1001,
      1001001
    ],
    "productName": "ALUS TĒRVETE TUMŠAIS 5.4% 0.5L STIKLS",
    "productPriceOld": null,
    "productPrice": null,
    "productPricePerUnit": {
      "value": 3.98,
      "unit": "€/L"
    },
    "productPriceWithLoyaltyCard": null,
    "productPricePerUnitWithLoyaltyCard": null,
    "imageUrl": "https://rezekne.citro.lv/wp-content/uploads/2022/04/4750440000769-300x300.jpg",
    "available": true,
    "discount": null
  },
  {
    "shop": "CITRO",
    "categories": [
      1,
      1001,
      1001001
    ],
    "productName": "ALUS MADONAS TUMŠAIS 5.2% 0.5L STIKLS",
    "productPriceOld": null,
    "productPrice": null,
    "productPricePerUnit": {
      "value": 3.98,
      "unit": "€/L"
    },
    "productPriceWithLoyaltyCard": null,
    "productPricePerUnitWithLoyaltyCard": null,
    "imageUrl": "https://rezekne.citro.lv/wp-content/uploads/2022/05/4750132007786-300x300.jpg",
    "available": true,
    "discount": null
  },
  {
    "shop": "CITRO",
    "categories": [
      1,
      1001,
      1001001
    ],
    "productName": "ALUS MADONAS NEFILTRĒTS 5.6% 0.5L STIKLS",
    "productPriceOld": null,
    "productPrice": null,
    "productPricePerUnit": {
      "value": 3.98,
      "unit": "€/L"
    },
    "productPriceWithLoyaltyCard": null,
    "productPricePerUnitWithLoyaltyCard": null,
    "imageUrl": "https://rezekne.citro.lv/wp-content/uploads/2022/05/4750132007311-300x300.jpg",
    "available": true,
    "discount": null
  },
  {
    "shop": "CITRO",
    "categories": [
      2,
      2001,
      2001002
    ],
    "productName": "BALTMAIZE RUDZU LIELMAIZE 500G LATVIJASM",
    "productPriceOld": null,
    "productPrice": null,
    "productPricePerUnit": {
      "value": 3.98,
      "unit": "€/KG"
    },
    "productPriceWithLoyaltyCard": null,
    "productPricePerUnitWithLoyaltyCard": null,
    "imageUrl": "https://rezekne.citro.lv/wp-content/uploads/2023/10/4750192732802-300x300.jpg",
    "available": true,
    "discount": null
  },
  {
    "shop": "CITRO",
    "categories": [
      2,
      2001,
      2001002
    ],
    "productName": "MAIZE KEFĪRA LIELMAIZE 500G LATVIJASM",
    "productPriceOld": null,
    "productPrice": null,
    "productPricePerUnit": {
      "value": 3.98,
      "unit": "€/KG"
    },
    "productPriceWithLoyaltyCard": null,
    "productPricePerUnitWithLoyaltyCard": null,
    "imageUrl": "https://rezekne.citro.lv/wp-content/uploads/2023/10/4750192732833-300x300.jpg",
    "available": true,
    "discount": null
  },
  {
    "shop": "CITRO",
    "categories": [
      2,
      2001,
      2001002
    ],
    "productName": "BALTMAIZE RUDZU LIELMAIZE 500G LATVIJASM",
    "productPriceOld": null,
    "productPrice": null,
    "productPricePerUnit": {
      "value": 3.98,
      "unit": "€/KG"
    },
    "productPriceWithLoyaltyCard": null,
    "productPricePerUnitWithLoyaltyCard": null,
    "imageUrl": "https://rezekne.citro.lv/wp-content/uploads/2023/10/4750192732802-300x300.jpg",
    "available": true,
    "discount": null
  },
  {
    "shop": "MAXIMA",
    "categories": [
      1,
      1002,
      10010027
    ],
    "productName": "Morss VERY BERRY dzērveņu 0,75L D",
    "productPriceOld": null,
    "productPrice": {
      "value": 2.99,
      "unit": "€"
    },
    "productPricePerUnit": {
      "value": 3.99,
      "unit": "€/l"
    },
    "productPriceWithLoyaltyCard": null,
    "productPricePerUnitWithLoyaltyCard": null,
    "imageUrl": "https://cdn.barbora.lv/products/1cebe356-405e-4e4b-a228-034d938da30c_s.png",
    "available": true,
    "discount": null
  },
  {
    "shop": "MAXIMA",
    "categories": [
      1,
      1002,
      10010020
    ],
    "productName": "Sula GRANINI apelsīnu 1L D",
    "productPriceOld": {
      "value": 4.39,
      "unit": "€"
    },
    "productPrice": {
      "value": 4.39,
      "unit": "€"
    },
    "productPricePerUnit": {
      "value": 4.39,
      "unit": "€/l"
    },
    "productPriceWithLoyaltyCard": {
      "value": 3.99,
      "unit": "€"
    },
    "productPricePerUnitWithLoyaltyCard": {
      "value": 3.99,
      "unit": "€/l"
    },
    "imageUrl": "https://cdn.barbora.lv/products/6847df1a-2a62-4291-a971-6318029a2d78_s.png",
    "available": true,
    "discount": 9
  },
  {
    "shop": "MAXIMA",
    "categories": [
      1,
      1002,
      10010020
    ],
    "productName": "Sula DON SIMON PREMIUM mandarīnu 100% 1L",
    "productPriceOld": null,
    "productPrice": {
      "value": 3.99,
      "unit": "€"
    },
    "productPricePerUnit": {
      "value": 3.99,
      "unit": "€/l"
    },
    "productPriceWithLoyaltyCard": null,
    "productPricePerUnitWithLoyaltyCard": null,
    "imageUrl": "https://cdn.barbora.lv/products/ffc39ab5-78ce-48b2-8d9d-342c1ce9112f_s.png",
    "available": true,
    "discount": null
  },
  {
    "shop": "CITRO",
    "categories": [
      1,
      1002,
      10010021
    ],
    "productName": "DZĒRIENS ZELTA MEŽEZERS DZIRKSTOŠAIS 0.75L",
    "productPriceOld": null,
    "productPrice": null,
    "productPricePerUnit": {
      "value": 3.99,
      "unit": "€/L"
    },
    "productPriceWithLoyaltyCard": null,
    "productPricePerUnitWithLoyaltyCard": null,
    "imageUrl": "https://rezekne.citro.lv/wp-content/uploads/2022/04/4750108000636-300x300.jpg",
    "available": true,
    "discount": null
  },
  {
    "shop": "RIMI",
    "categories": [
      1,
      1001,
      1001003
    ],
    "productName": "Baltvīns Carreras Verdejo Airen,sauss 12% 3l",
    "productPriceOld": null,
    "productPrice": {
      "value": 20.99,
      "unit": "€/gab"
    },
    "productPricePerUnit": {
      "value": 7,
      "unit": "€/l"
    },
    "productPriceWithLoyaltyCard": {
      "value": 11.99,
      "unit": "€"
    },
    "productPricePerUnitWithLoyaltyCard": {
      "value": 4,
      "unit": "€/l"
    },
    "imageUrl": "https://rimibaltic-res.cloudinary.com/image/upload/d_ecommerce:backend-fallback.png/MAT_7258339_PCE_LV",
    "available": true,
    "discount": 43
  },
  {
    "shop": "MAXIMA",
    "categories": [
      2,
      2001,
      20010015
    ],
    "productName": "Sausiņi ABELIA CRISPY 180G",
    "productPriceOld": null,
    "productPrice": {
      "value": 0.72,
      "unit": "€"
    },
    "productPricePerUnit": {
      "value": 4,
      "unit": "€/kg"
    },
    "productPriceWithLoyaltyCard": null,
    "productPricePerUnitWithLoyaltyCard": null,
    "imageUrl": "https://cdn.barbora.lv/products/7da0f856-cfa9-47dc-a908-c20fee489568_s.png",
    "available": true,
    "discount": null
  },
  {
    "shop": "MAXIMA",
    "categories": [
      1,
      1001,
      1001001
    ],
    "productName": "Alus ALDARIS IZLASES ĶIRŠU 4,5% 0,5L D",
    "productPriceOld": null,
    "productPrice": {
      "value": 2.01,
      "unit": "€"
    },
    "productPricePerUnit": {
      "value": 4.02,
      "unit": "€/l"
    },
    "productPriceWithLoyaltyCard": null,
    "productPricePerUnitWithLoyaltyCard": null,
    "imageUrl": "https://cdn.barbora.lv/products/684fdab9-0940-46cb-a8fd-2769381a2ca7_s.png",
    "available": true,
    "discount": null
  },
  {
    "shop": "MAXIMA",
    "categories": [
      1,
      1001,
      1001001
    ],
    "productName": "Alus ALDARIS IZLASES MEDALUS 4% 0,5L D",
    "productPriceOld": null,
    "productPrice": {
      "value": 2.01,
      "unit": "€"
    },
    "productPricePerUnit": {
      "value": 4.02,
      "unit": "€/l"
    },
    "productPriceWithLoyaltyCard": null,
    "productPricePerUnitWithLoyaltyCard": null,
    "imageUrl": "https://cdn.barbora.lv/products/9eab5036-4136-454b-b0c7-9a19f67db3c6_s.png",
    "available": true,
    "discount": null
  },
  {
    "shop": "RIMI",
    "categories": [
      2,
      2001,
      2001002
    ],
    "productName": "Baltmaize Latgales pītā 360g",
    "productPriceOld": null,
    "productPrice": {
      "value": 1.45,
      "unit": "€/gab"
    },
    "productPricePerUnit": {
      "value": 4.03,
      "unit": "€/kg"
    },
    "productPriceWithLoyaltyCard": null,
    "productPricePerUnitWithLoyaltyCard": null,
    "imageUrl": "https://rimibaltic-res.cloudinary.com/image/upload/d_ecommerce:backend-fallback.png/MAT_979223_PCE_LV",
    "available": true,
    "discount": null
  },
  {
    "shop": "MAXIMA",
    "categories": [
      2,
      2001,
      2001002
    ],
    "productName": "Baltmaize Latgales pītā LIEPKALNI 360g",
    "productPriceOld": null,
    "productPrice": {
      "value": 1.45,
      "unit": "€"
    },
    "productPricePerUnit": {
      "value": 4.03,
      "unit": "€/kg"
    },
    "productPriceWithLoyaltyCard": null,
    "productPricePerUnitWithLoyaltyCard": null,
    "imageUrl": "https://cdn.barbora.lv/products/8a228523-438f-4af3-aec5-92b906409c2c_s.png",
    "available": true,
    "discount": null
  },
  {
    "shop": "MAXIMA",
    "categories": [
      1,
      1001,
      1001001
    ],
    "productName": "Alus LEFFE Brune 6,5% 500ml sk.D",
    "productPriceOld": null,
    "productPrice": {
      "value": 2.02,
      "unit": "€"
    },
    "productPricePerUnit": {
      "value": 4.04,
      "unit": "€/l"
    },
    "productPriceWithLoyaltyCard": null,
    "productPricePerUnitWithLoyaltyCard": null,
    "imageUrl": "https://cdn.barbora.lv/products/4e98a651-f670-4438-a13f-4dd8582a6434_s.png",
    "available": true,
    "discount": null
  },
  {
    "shop": "MAXIMA",
    "categories": [
      1,
      1001,
      1001001
    ],
    "productName": "Alus PIEBALGAS LUX 5,8% 0,5L D",
    "productPriceOld": null,
    "productPrice": {
      "value": 2.02,
      "unit": "€"
    },
    "productPricePerUnit": {
      "value": 4.04,
      "unit": "€/l"
    },
    "productPriceWithLoyaltyCard": null,
    "productPricePerUnitWithLoyaltyCard": null,
    "imageUrl": "https://cdn.barbora.lv/products/c6a6de5e-4535-49e1-8319-f7c5a897cb05_s.png",
    "available": true,
    "discount": null
  },
  {
    "shop": "MAXIMA",
    "categories": [
      1,
      1001,
      1001001
    ],
    "productName": "Alus MEDALUS oriģinālais 5,5% 0,5L D",
    "productPriceOld": null,
    "productPrice": {
      "value": 2.02,
      "unit": "€"
    },
    "productPricePerUnit": {
      "value": 4.04,
      "unit": "€/l"
    },
    "productPriceWithLoyaltyCard": null,
    "productPricePerUnitWithLoyaltyCard": null,
    "imageUrl": "https://cdn.barbora.lv/products/48df651b-1e8d-496c-925a-eebf65815138_s.png",
    "available": true,
    "discount": null
  },
  {
    "shop": "MAXIMA",
    "categories": [
      1,
      1001,
      1001001
    ],
    "productName": "Alus MEŽPILS Gaišais 5,3% 0,5L sk.D",
    "productPriceOld": null,
    "productPrice": {
      "value": 2.02,
      "unit": "€"
    },
    "productPricePerUnit": {
      "value": 4.04,
      "unit": "€/l"
    },
    "productPriceWithLoyaltyCard": null,
    "productPricePerUnitWithLoyaltyCard": null,
    "imageUrl": "https://cdn.barbora.lv/products/1c7cf36f-f530-4b1e-a255-18aa77a3a172_s.png",
    "available": true,
    "discount": null
  },
  {
    "shop": "RIMI",
    "categories": [
      2,
      2001,
      20010015
    ],
    "productName": "Pita 220g",
    "productPriceOld": {
      "value": 1.15,
      "unit": "€"
    },
    "productPrice": {
      "value": 0.89,
      "unit": "€/gab"
    },
    "productPricePerUnit": {
      "value": 4.05,
      "unit": "€/kg"
    },
    "productPriceWithLoyaltyCard": null,
    "productPricePerUnitWithLoyaltyCard": null,
    "imageUrl": "https://rimibaltic-res.cloudinary.com/image/upload/d_ecommerce:backend-fallback.png/MAT_927657_PCE_LV",
    "available": true,
    "discount": 23
  },
  {
    "shop": "MAXIMA",
    "categories": [
      1,
      1002,
      10010021
    ],
    "productName": "Gāzēts dzēriens DŽUNGĻI aveņu 0,75L D",
    "productPriceOld": null,
    "productPrice": {
      "value": 3.04,
      "unit": "€"
    },
    "productPricePerUnit": {
      "value": 4.05,
      "unit": "€/l"
    },
    "productPriceWithLoyaltyCard": null,
    "productPricePerUnitWithLoyaltyCard": null,
    "imageUrl": "https://cdn.barbora.lv/products/1d805ee9-b43f-45bf-b0cb-77e6304dda19_s.png",
    "available": true,
    "discount": null
  },
  {
    "shop": "MAXIMA",
    "categories": [
      1,
      1002,
      10010021
    ],
    "productName": "Gāzēts dzēriens MEŽEZERS ZELTA 0,75L D",
    "productPriceOld": null,
    "productPrice": {
      "value": 3.05,
      "unit": "€"
    },
    "productPricePerUnit": {
      "value": 4.07,
      "unit": "€/l"
    },
    "productPriceWithLoyaltyCard": null,
    "productPricePerUnitWithLoyaltyCard": null,
    "imageUrl": "https://cdn.barbora.lv/products/0e584ed2-d630-4579-9643-b32049d707df_s.png",
    "available": true,
    "discount": null
  },
  {
    "shop": "MAXIMA",
    "categories": [
      2,
      2001,
      2001005
    ],
    "productName": "Saldskābmaize GRAHAM ar drupinātiem graudiem 440g",
    "productPriceOld": null,
    "productPrice": {
      "value": 1.79,
      "unit": "€"
    },
    "productPricePerUnit": {
      "value": 4.07,
      "unit": "€/kg"
    },
    "productPriceWithLoyaltyCard": null,
    "productPricePerUnitWithLoyaltyCard": null,
    "imageUrl": "https://cdn.barbora.lv/products/88ce693d-6fee-4fd1-bf88-77d899775188_s.png",
    "available": true,
    "discount": null
  },
  {
    "shop": "RIMI",
    "categories": [
      1,
      1002,
      10010021
    ],
    "productName": "Gāzēts dzēriens Coca-Cola stikla pud. 0,33l",
    "productPriceOld": null,
    "productPrice": {
      "value": 1.35,
      "unit": "€/gab"
    },
    "productPricePerUnit": {
      "value": 4.09,
      "unit": "€/l"
    },
    "productPriceWithLoyaltyCard": null,
    "productPricePerUnitWithLoyaltyCard": null,
    "imageUrl": "https://rimibaltic-res.cloudinary.com/image/upload/d_ecommerce:backend-fallback.png/MAT_1366666_PCE_LV",
    "available": true,
    "discount": null
  },
  {
    "shop": "RIMI",
    "categories": [
      1,
      1002,
      10010020
    ],
    "productName": "Tomātu sula Rimi 0,33l",
    "productPriceOld": null,
    "productPrice": {
      "value": 1.35,
      "unit": "€/gab"
    },
    "productPricePerUnit": {
      "value": 4.09,
      "unit": "€/l"
    },
    "productPriceWithLoyaltyCard": null,
    "productPricePerUnitWithLoyaltyCard": null,
    "imageUrl": "https://rimibaltic-res.cloudinary.com/image/upload/d_ecommerce:backend-fallback.png/MAT_1369593_PCE_LV",
    "available": true,
    "discount": null
  },
  {
    "shop": "MAXIMA",
    "categories": [
      1,
      1002,
      10010021
    ],
    "productName": "Gāzēts dzēriens COCA-COLA 0,33L stikls D",
    "productPriceOld": null,
    "productPrice": {
      "value": 1.35,
      "unit": "€"
    },
    "productPricePerUnit": {
      "value": 4.09,
      "unit": "€/l"
    },
    "productPriceWithLoyaltyCard": null,
    "productPricePerUnitWithLoyaltyCard": null,
    "imageUrl": "https://cdn.barbora.lv/products/6786b172-ff1c-4a6f-a4e0-8fe404a8462f_s.png",
    "available": true,
    "discount": null
  },
  {
    "shop": "RIMI",
    "categories": [
      1,
      1002,
      10010021
    ],
    "productName": "Gāz. dzēr. Active 02 Iced Berry Natural 0,5l",
    "productPriceOld": null,
    "productPrice": {
      "value": 2.05,
      "unit": "€/gab"
    },
    "productPricePerUnit": {
      "value": 4.1,
      "unit": "€/l"
    },
    "productPriceWithLoyaltyCard": null,
    "productPricePerUnitWithLoyaltyCard": null,
    "imageUrl": "https://rimibaltic-res.cloudinary.com/image/upload/d_ecommerce:backend-fallback.png/MAT_1367856_PCE_LV",
    "available": true,
    "discount": null
  },
  {
    "shop": "RIMI",
    "categories": [
      1,
      1002,
      10010027
    ],
    "productName": "Dzēriens Active O2 Natural ābolu gāzēts 0,5l",
    "productPriceOld": null,
    "productPrice": {
      "value": 2.05,
      "unit": "€/gab"
    },
    "productPricePerUnit": {
      "value": 4.1,
      "unit": "€/l"
    },
    "productPriceWithLoyaltyCard": null,
    "productPricePerUnitWithLoyaltyCard": null,
    "imageUrl": "https://rimibaltic-res.cloudinary.com/image/upload/d_ecommerce:backend-fallback.png/MAT_126621_PCE_LV",
    "available": true,
    "discount": null
  },
  {
    "shop": "RIMI",
    "categories": [
      1,
      1002,
      10010027
    ],
    "productName": "Dzēr. Active O2 Natural apels. gāz. 0,5l",
    "productPriceOld": null,
    "productPrice": {
      "value": 2.05,
      "unit": "€/gab"
    },
    "productPricePerUnit": {
      "value": 4.1,
      "unit": "€/l"
    },
    "productPriceWithLoyaltyCard": null,
    "productPricePerUnitWithLoyaltyCard": null,
    "imageUrl": "https://rimibaltic-res.cloudinary.com/image/upload/d_ecommerce:backend-fallback.png/MAT_126623_PCE_LV",
    "available": true,
    "discount": null
  },
  {
    "shop": "RIMI",
    "categories": [
      1,
      1001,
      1001002
    ],
    "productName": "Sidrs Lielvārdes Craft 5,6% 0,5l",
    "productPriceOld": null,
    "productPrice": {
      "value": 2.05,
      "unit": "€/gab"
    },
    "productPricePerUnit": {
      "value": 4.1,
      "unit": "€/l"
    },
    "productPriceWithLoyaltyCard": null,
    "productPricePerUnitWithLoyaltyCard": null,
    "imageUrl": "https://rimibaltic-res.cloudinary.com/image/upload/d_ecommerce:backend-fallback.png/MAT_1364720_PCE_LV",
    "available": true,
    "discount": null
  },
  {
    "shop": "RIMI",
    "categories": [
      1,
      1001,
      1001002
    ],
    "productName": "Sidrs Lielvārdes Craft 5,6% 0,5l",
    "productPriceOld": null,
    "productPrice": {
      "value": 2.05,
      "unit": "€/gab"
    },
    "productPricePerUnit": {
      "value": 4.1,
      "unit": "€/l"
    },
    "productPriceWithLoyaltyCard": null,
    "productPricePerUnitWithLoyaltyCard": null,
    "imageUrl": "https://rimibaltic-res.cloudinary.com/image/upload/d_ecommerce:backend-fallback.png/MAT_1371929_PCE_LV",
    "available": true,
    "discount": null
  },
  {
    "shop": "RIMI",
    "categories": [
      1,
      1001,
      1001001
    ],
    "productName": "Alus Leffe Blonde 6,6% 0.5l",
    "productPriceOld": null,
    "productPrice": {
      "value": 2.05,
      "unit": "€/gab"
    },
    "productPricePerUnit": {
      "value": 4.1,
      "unit": "€/l"
    },
    "productPriceWithLoyaltyCard": null,
    "productPricePerUnitWithLoyaltyCard": null,
    "imageUrl": "https://rimibaltic-res.cloudinary.com/image/upload/d_ecommerce:backend-fallback.png/MAT_1364036_PCE_LV",
    "available": true,
    "discount": null
  },
  {
    "shop": "RIMI",
    "categories": [
      1,
      1001,
      1001001
    ],
    "productName": "Alus Aldaris ķiršu 4,5% 0,5l",
    "productPriceOld": null,
    "productPrice": {
      "value": 2.05,
      "unit": "€/gab"
    },
    "productPricePerUnit": {
      "value": 4.1,
      "unit": "€/l"
    },
    "productPriceWithLoyaltyCard": null,
    "productPricePerUnitWithLoyaltyCard": null,
    "imageUrl": "https://rimibaltic-res.cloudinary.com/image/upload/d_ecommerce:backend-fallback.png/MAT_1371468_PCE_LV",
    "available": true,
    "discount": null
  },
  {
    "shop": "RIMI",
    "categories": [
      1,
      1001,
      1001001
    ],
    "productName": "Alus Aldaris ķiršu 4,5% 0,5l",
    "productPriceOld": null,
    "productPrice": {
      "value": 2.05,
      "unit": "€/gab"
    },
    "productPricePerUnit": {
      "value": 4.1,
      "unit": "€/l"
    },
    "productPriceWithLoyaltyCard": null,
    "productPricePerUnitWithLoyaltyCard": null,
    "imageUrl": "https://rimibaltic-res.cloudinary.com/image/upload/d_ecommerce:backend-fallback.png/MAT_1371468_PCE_LV",
    "available": true,
    "discount": null
  },
  {
    "shop": "RIMI",
    "categories": [
      1,
      1001,
      1001001
    ],
    "productName": "Alus Leffe Brune 6,5% 0.5l",
    "productPriceOld": null,
    "productPrice": {
      "value": 2.05,
      "unit": "€/gab"
    },
    "productPricePerUnit": {
      "value": 4.1,
      "unit": "€/l"
    },
    "productPriceWithLoyaltyCard": null,
    "productPricePerUnitWithLoyaltyCard": null,
    "imageUrl": "https://rimibaltic-res.cloudinary.com/image/upload/d_ecommerce:backend-fallback.png/MAT_1374035_PCE_LV",
    "available": true,
    "discount": null
  },
  {
    "shop": "RIMI",
    "categories": [
      1,
      1001,
      1001001
    ],
    "productName": "Alus Piebalgas Lux tumšais 5,8% 0,5l",
    "productPriceOld": null,
    "productPrice": {
      "value": 2.05,
      "unit": "€/gab"
    },
    "productPricePerUnit": {
      "value": 4.1,
      "unit": "€/l"
    },
    "productPriceWithLoyaltyCard": null,
    "productPricePerUnitWithLoyaltyCard": null,
    "imageUrl": "https://rimibaltic-res.cloudinary.com/image/upload/d_ecommerce:backend-fallback.png/MAT_1371554_PCE_LV",
    "available": true,
    "discount": null
  },
  {
    "shop": "RIMI",
    "categories": [
      1,
      1001,
      1001001
    ],
    "productName": "Alus Aldaris Medalus 4% 0,5l",
    "productPriceOld": null,
    "productPrice": {
      "value": 2.05,
      "unit": "€/gab"
    },
    "productPricePerUnit": {
      "value": 4.1,
      "unit": "€/l"
    },
    "productPriceWithLoyaltyCard": null,
    "productPricePerUnitWithLoyaltyCard": null,
    "imageUrl": "https://rimibaltic-res.cloudinary.com/image/upload/d_ecommerce:backend-fallback.png/MAT_1371467_PCE_LV",
    "available": true,
    "discount": null
  },
  {
    "shop": "RIMI",
    "categories": [
      1,
      1001,
      1001001
    ],
    "productName": "Alus Aldaris Medalus 4% 0,5l",
    "productPriceOld": null,
    "productPrice": {
      "value": 2.05,
      "unit": "€/gab"
    },
    "productPricePerUnit": {
      "value": 4.1,
      "unit": "€/l"
    },
    "productPriceWithLoyaltyCard": null,
    "productPricePerUnitWithLoyaltyCard": null,
    "imageUrl": "https://rimibaltic-res.cloudinary.com/image/upload/d_ecommerce:backend-fallback.png/MAT_1371467_PCE_LV",
    "available": true,
    "discount": null
  },
  {
    "shop": "RIMI",
    "categories": [
      2,
      2001,
      2001004
    ],
    "productName": "Maize Latvijā Cepts melnā rudzu 280g",
    "productPriceOld": null,
    "productPrice": {
      "value": 1.15,
      "unit": "€/gab"
    },
    "productPricePerUnit": {
      "value": 4.11,
      "unit": "€/kg"
    },
    "productPriceWithLoyaltyCard": null,
    "productPricePerUnitWithLoyaltyCard": null,
    "imageUrl": "https://rimibaltic-res.cloudinary.com/image/upload/d_ecommerce:backend-fallback.png/MAT_4006185_PCE_LV",
    "available": true,
    "discount": null
  },
  {
    "shop": "MAXIMA",
    "categories": [
      2,
      2001,
      2001005
    ],
    "productName": "Saldskābmaize kviešu 580g",
    "productPriceOld": null,
    "productPrice": {
      "value": 2.39,
      "unit": "€"
    },
    "productPricePerUnit": {
      "value": 4.12,
      "unit": "€/kg"
    },
    "productPriceWithLoyaltyCard": null,
    "productPricePerUnitWithLoyaltyCard": null,
    "imageUrl": "https://cdn.barbora.lv/products/bd09ee63-e931-4ed7-9339-f328675b2d09_s.png",
    "available": true,
    "discount": null
  },
  {
    "shop": "RIMI",
    "categories": [
      2,
      2001,
      2001003
    ],
    "productName": "Tostermaize Lācēna ar pienu un sviestu 240g",
    "productPriceOld": {
      "value": 1.15,
      "unit": "€"
    },
    "productPrice": {
      "value": 0.99,
      "unit": "€/gab"
    },
    "productPricePerUnit": {
      "value": 4.13,
      "unit": "€/kg"
    },
    "productPriceWithLoyaltyCard": null,
    "productPricePerUnitWithLoyaltyCard": null,
    "imageUrl": "https://rimibaltic-res.cloudinary.com/image/upload/d_ecommerce:backend-fallback.png/MAT_996165_PCE_LV",
    "available": true,
    "discount": 14
  },
  {
    "shop": "MAXIMA",
    "categories": [
      1,
      1001,
      1001002
    ],
    "productName": "Sidrs LIELVĀRDES Upeņu 4,8% 0,5L st.D",
    "productPriceOld": null,
    "productPrice": {
      "value": 2.07,
      "unit": "€"
    },
    "productPricePerUnit": {
      "value": 4.14,
      "unit": "€/l"
    },
    "productPriceWithLoyaltyCard": null,
    "productPricePerUnitWithLoyaltyCard": null,
    "imageUrl": "https://cdn.barbora.lv/products/ea54c350-77ca-45be-be1f-94fc2dd1950e_s.png",
    "available": true,
    "discount": null
  },
  {
    "shop": "MAXIMA",
    "categories": [
      1,
      1001,
      1001002
    ],
    "productName": "Sidrs LIELVĀRDES Bumbieru 4,8% 0,5L st.D",
    "productPriceOld": null,
    "productPrice": {
      "value": 2.07,
      "unit": "€"
    },
    "productPricePerUnit": {
      "value": 4.14,
      "unit": "€/l"
    },
    "productPriceWithLoyaltyCard": null,
    "productPricePerUnitWithLoyaltyCard": null,
    "imageUrl": "https://cdn.barbora.lv/products/4015e922-e130-41ce-98b1-ec962b6dd2dc_s.png",
    "available": true,
    "discount": null
  },
  {
    "shop": "MAXIMA",
    "categories": [
      2,
      2001,
      2001002
    ],
    "productName": "Baltmaize ZELTENE 350g",
    "productPriceOld": null,
    "productPrice": {
      "value": 1.45,
      "unit": "€"
    },
    "productPricePerUnit": {
      "value": 4.14,
      "unit": "€/kg"
    },
    "productPriceWithLoyaltyCard": null,
    "productPricePerUnitWithLoyaltyCard": null,
    "imageUrl": "https://cdn.barbora.lv/products/dadb279c-2b5d-4076-b7ca-a25345aea5a3_s.png",
    "available": true,
    "discount": null
  },
  {
    "shop": "MAXIMA",
    "categories": [
      1,
      1001,
      1001002
    ],
    "productName": "Sidrs LUCKY DOG Pear 5% 1L D",
    "productPriceOld": null,
    "productPrice": {
      "value": 4.15,
      "unit": "€"
    },
    "productPricePerUnit": {
      "value": 4.15,
      "unit": "€/l"
    },
    "productPriceWithLoyaltyCard": null,
    "productPricePerUnitWithLoyaltyCard": null,
    "imageUrl": "https://cdn.barbora.lv/products/c53de657-cc71-4f37-8731-3570dee356c6_s.png",
    "available": true,
    "discount": null
  },
  {
    "shop": "MAXIMA",
    "categories": [
      1,
      1001,
      1001002
    ],
    "productName": "Sidrs LUCKY DOG Apple&Vanilla 5% 1L D",
    "productPriceOld": null,
    "productPrice": {
      "value": 4.15,
      "unit": "€"
    },
    "productPricePerUnit": {
      "value": 4.15,
      "unit": "€/l"
    },
    "productPriceWithLoyaltyCard": null,
    "productPricePerUnitWithLoyaltyCard": null,
    "imageUrl": "https://cdn.barbora.lv/products/f6663c13-11db-4622-a24f-06c29bb50449_s.png",
    "available": true,
    "discount": null
  },
  {
    "shop": "MAXIMA",
    "categories": [
      1,
      1001,
      1001001
    ],
    "productName": "Alus BAUSKAS tumšais 5,5% 0,5L D",
    "productPriceOld": null,
    "productPrice": {
      "value": 2.08,
      "unit": "€"
    },
    "productPricePerUnit": {
      "value": 4.16,
      "unit": "€/l"
    },
    "productPriceWithLoyaltyCard": null,
    "productPricePerUnitWithLoyaltyCard": null,
    "imageUrl": "https://cdn.barbora.lv/products/ebe000a9-11c4-43ed-a370-31653ae71001_s.png",
    "available": true,
    "discount": null
  },
  {
    "shop": "MAXIMA",
    "categories": [
      1,
      1001,
      1001001
    ],
    "productName": "Alus MEŽPILS 5,3% 0,5L D",
    "productPriceOld": null,
    "productPrice": {
      "value": 2.08,
      "unit": "€"
    },
    "productPricePerUnit": {
      "value": 4.16,
      "unit": "€/l"
    },
    "productPriceWithLoyaltyCard": null,
    "productPricePerUnitWithLoyaltyCard": null,
    "imageUrl": "https://cdn.barbora.lv/products/1417fa91-1588-4224-ae42-6570a1df95d5_s.png",
    "available": true,
    "discount": null
  },
  {
    "shop": "RIMI",
    "categories": [
      2,
      2001,
      2001008
    ],
    "productName": "Graudu maize Raženā ar sēklām 300g",
    "productPriceOld": null,
    "productPrice": {
      "value": 1.25,
      "unit": "€/gab"
    },
    "productPricePerUnit": {
      "value": 4.17,
      "unit": "€/kg"
    },
    "productPriceWithLoyaltyCard": null,
    "productPricePerUnitWithLoyaltyCard": null,
    "imageUrl": "https://rimibaltic-res.cloudinary.com/image/upload/d_ecommerce:backend-fallback.png/MAT_979217_PCE_LV",
    "available": true,
    "discount": null
  },
  {
    "shop": "RIMI",
    "categories": [
      1,
      1001,
      1001001
    ],
    "productName": "Alus Estrella Barcelona, bundžā 4,6% 0,5l",
    "productPriceOld": null,
    "productPrice": {
      "value": 2.09,
      "unit": "€/gab"
    },
    "productPricePerUnit": {
      "value": 4.18,
      "unit": "€/l"
    },
    "productPriceWithLoyaltyCard": null,
    "productPricePerUnitWithLoyaltyCard": null,
    "imageUrl": "https://rimibaltic-res.cloudinary.com/image/upload/d_ecommerce:backend-fallback.png/MAT_1353901_PCE_LV",
    "available": true,
    "discount": null
  },
  {
    "shop": "RIMI",
    "categories": [
      1,
      1001,
      1001005
    ],
    "productName": "Alkoholiskais kokteilis Lode upeņu 14% 0,5l",
    "productPriceOld": null,
    "productPrice": {
      "value": 2.09,
      "unit": "€/gab"
    },
    "productPricePerUnit": {
      "value": 4.18,
      "unit": "€/l"
    },
    "productPriceWithLoyaltyCard": null,
    "productPricePerUnitWithLoyaltyCard": null,
    "imageUrl": "https://rimibaltic-res.cloudinary.com/image/upload/d_ecommerce:backend-fallback.png/MAT_7238501_PCE_LV",
    "available": true,
    "discount": null
  },
  {
    "shop": "RIMI",
    "categories": [
      1,
      1001,
      1001005
    ],
    "productName": "Alkoholiskais kokteilis Lode laima 14% 0,5l",
    "productPriceOld": null,
    "productPrice": {
      "value": 2.09,
      "unit": "€/gab"
    },
    "productPricePerUnit": {
      "value": 4.18,
      "unit": "€/l"
    },
    "productPriceWithLoyaltyCard": null,
    "productPricePerUnitWithLoyaltyCard": null,
    "imageUrl": "https://rimibaltic-res.cloudinary.com/image/upload/d_ecommerce:backend-fallback.png/MAT_1366351_PCE_LV",
    "available": true,
    "discount": null
  },
  {
    "shop": "RIMI",
    "categories": [
      1,
      1001,
      1001001
    ],
    "productName": "Alus Estrella Levante 4,8% 0,5l",
    "productPriceOld": null,
    "productPrice": {
      "value": 2.09,
      "unit": "€/gab"
    },
    "productPricePerUnit": {
      "value": 4.18,
      "unit": "€/l"
    },
    "productPriceWithLoyaltyCard": null,
    "productPricePerUnitWithLoyaltyCard": null,
    "imageUrl": "https://rimibaltic-res.cloudinary.com/image/upload/d_ecommerce:backend-fallback.png/MAT_1374107_PCE_LV",
    "available": true,
    "discount": null
  },
  {
    "shop": "RIMI",
    "categories": [
      1,
      1001,
      1001005
    ],
    "productName": "Alkoholiskais kokteilis Lode ķiršu 14% 0,5l",
    "productPriceOld": null,
    "productPrice": {
      "value": 2.09,
      "unit": "€/gab"
    },
    "productPricePerUnit": {
      "value": 4.18,
      "unit": "€/l"
    },
    "productPriceWithLoyaltyCard": null,
    "productPricePerUnitWithLoyaltyCard": null,
    "imageUrl": "https://rimibaltic-res.cloudinary.com/image/upload/d_ecommerce:backend-fallback.png/MAT_1366339_PCE_LV",
    "available": true,
    "discount": null
  },
  {
    "shop": "RIMI",
    "categories": [
      1,
      1001,
      1001005
    ],
    "productName": "Alkoholiskais kokteilis Lode meža ogu 14% 0,5",
    "productPriceOld": null,
    "productPrice": {
      "value": 2.09,
      "unit": "€/gab"
    },
    "productPricePerUnit": {
      "value": 4.18,
      "unit": "€/l"
    },
    "productPriceWithLoyaltyCard": null,
    "productPricePerUnitWithLoyaltyCard": null,
    "imageUrl": "https://rimibaltic-res.cloudinary.com/image/upload/d_ecommerce:backend-fallback.png/MAT_1371054_PCE_LV",
    "available": true,
    "discount": null
  },
  {
    "shop": "RIMI",
    "categories": [
      1,
      1001,
      1001001
    ],
    "productName": "Alus Bauskas tumšais 5,5% 0,5l",
    "productPriceOld": null,
    "productPrice": {
      "value": 2.09,
      "unit": "€/gab"
    },
    "productPricePerUnit": {
      "value": 4.18,
      "unit": "€/l"
    },
    "productPriceWithLoyaltyCard": null,
    "productPricePerUnitWithLoyaltyCard": null,
    "imageUrl": "https://rimibaltic-res.cloudinary.com/image/upload/d_ecommerce:backend-fallback.png/MAT_461952_PCE_LV",
    "available": true,
    "discount": null
  },
  {
    "shop": "RIMI",
    "categories": [
      1,
      1001,
      1001001
    ],
    "productName": "Alus Bauskas tumšais 5,5% 0,5l",
    "productPriceOld": null,
    "productPrice": {
      "value": 2.09,
      "unit": "€/gab"
    },
    "productPricePerUnit": {
      "value": 4.18,
      "unit": "€/l"
    },
    "productPriceWithLoyaltyCard": null,
    "productPricePerUnitWithLoyaltyCard": null,
    "imageUrl": "https://rimibaltic-res.cloudinary.com/image/upload/d_ecommerce:backend-fallback.png/MAT_461952_PCE_LV",
    "available": true,
    "discount": null
  },
  {
    "shop": "RIMI",
    "categories": [
      1,
      1001,
      1001005
    ],
    "productName": "Alkoholiskais kokteilis Cēsu Upenīte 14% 0,5l",
    "productPriceOld": {
      "value": 3.25,
      "unit": "€"
    },
    "productPrice": {
      "value": 2.09,
      "unit": "€/gab"
    },
    "productPricePerUnit": {
      "value": 4.18,
      "unit": "€/l"
    },
    "productPriceWithLoyaltyCard": null,
    "productPricePerUnitWithLoyaltyCard": null,
    "imageUrl": "https://rimibaltic-res.cloudinary.com/image/upload/d_ecommerce:backend-fallback.png/MAT_1371546_PCE_LV",
    "available": true,
    "discount": 36
  },
  {
    "shop": "RIMI",
    "categories": [
      1,
      1001,
      1001005
    ],
    "productName": "Alkohol. kokteilis Cēsu Dzērvenīte 14% 0,5l",
    "productPriceOld": {
      "value": 3.25,
      "unit": "€"
    },
    "productPrice": {
      "value": 2.09,
      "unit": "€/gab"
    },
    "productPricePerUnit": {
      "value": 4.18,
      "unit": "€/l"
    },
    "productPriceWithLoyaltyCard": null,
    "productPricePerUnitWithLoyaltyCard": null,
    "imageUrl": "https://rimibaltic-res.cloudinary.com/image/upload/d_ecommerce:backend-fallback.png/MAT_1371551_PCE_LV",
    "available": true,
    "discount": 36
  },
  {
    "shop": "MAXIMA",
    "categories": [
      1,
      1001,
      1001005
    ],
    "productName": "Alkoholiskais kokteilis LODE Upeņu 14% 0,5L D",
    "productPriceOld": null,
    "productPrice": {
      "value": 2.09,
      "unit": "€"
    },
    "productPricePerUnit": {
      "value": 4.18,
      "unit": "€/l"
    },
    "productPriceWithLoyaltyCard": null,
    "productPricePerUnitWithLoyaltyCard": null,
    "imageUrl": "https://cdn.barbora.lv/products/2f32b5f7-7ae0-4458-99f9-cc3065f348f0_s.png",
    "available": true,
    "discount": null
  },
  {
    "shop": "MAXIMA",
    "categories": [
      1,
      1001,
      1001005
    ],
    "productName": "Alk.kokteilis LODE Ķiršu 14% 0,5L D",
    "productPriceOld": null,
    "productPrice": {
      "value": 2.09,
      "unit": "€"
    },
    "productPricePerUnit": {
      "value": 4.18,
      "unit": "€/l"
    },
    "productPriceWithLoyaltyCard": null,
    "productPricePerUnitWithLoyaltyCard": null,
    "imageUrl": "https://cdn.barbora.lv/products/04fae2c5-c249-43d1-95b8-b28c0975fcb0_s.png",
    "available": true,
    "discount": null
  },
  {
    "shop": "MAXIMA",
    "categories": [
      1,
      1001,
      1001005
    ],
    "productName": "Alkoholiskais kokteilis LODE Meža Ogu 14% 0,5L D",
    "productPriceOld": null,
    "productPrice": {
      "value": 2.09,
      "unit": "€"
    },
    "productPricePerUnit": {
      "value": 4.18,
      "unit": "€/l"
    },
    "productPriceWithLoyaltyCard": null,
    "productPricePerUnitWithLoyaltyCard": null,
    "imageUrl": "https://cdn.barbora.lv/products/6a7dae2f-63ee-45e7-a0cb-726bdc056616_s.png",
    "available": true,
    "discount": null
  },
  {
    "shop": "MAXIMA",
    "categories": [
      1,
      1001,
      1001005
    ],
    "productName": "Alkoholiskais kokteilis LODE Greipfrūtu 14% 0,5L D",
    "productPriceOld": null,
    "productPrice": {
      "value": 2.09,
      "unit": "€"
    },
    "productPricePerUnit": {
      "value": 4.18,
      "unit": "€/l"
    },
    "productPriceWithLoyaltyCard": null,
    "productPricePerUnitWithLoyaltyCard": null,
    "imageUrl": "https://cdn.barbora.lv/products/7279db04-38ff-4834-a474-e9cab5983224_s.png",
    "available": true,
    "discount": null
  },
  {
    "shop": "MAXIMA",
    "categories": [
      2,
      2001,
      2001003,
      2001001
    ],
    "productName": "Tostermaize Fazer pilngraudu 500g",
    "productPriceOld": null,
    "productPrice": {
      "value": 2.09,
      "unit": "€"
    },
    "productPricePerUnit": {
      "value": 4.18,
      "unit": "€/kg"
    },
    "productPriceWithLoyaltyCard": null,
    "productPricePerUnitWithLoyaltyCard": null,
    "imageUrl": "https://cdn.barbora.lv/products/fbc3dac7-c19d-480d-b6a9-9e51a0a14a09_s.png",
    "available": true,
    "discount": null
  },
  {
    "shop": "MAXIMA",
    "categories": [
      1,
      1002,
      10010022
    ],
    "productName": "Enerģ.dzēriens RED BULL 0,355L D",
    "productPriceOld": {
      "value": 2.19,
      "unit": "€"
    },
    "productPrice": {
      "value": 1.49,
      "unit": "€"
    },
    "productPricePerUnit": {
      "value": 4.2,
      "unit": "€/l"
    },
    "productPriceWithLoyaltyCard": null,
    "productPricePerUnitWithLoyaltyCard": null,
    "imageUrl": "https://cdn.barbora.lv/products/44f0bcb5-0b3b-4f79-b18c-6f1f6b8ae14c_s.png",
    "available": true,
    "discount": 32
  },
  {
    "shop": "MAXIMA",
    "categories": [
      1,
      1002,
      10010022
    ],
    "productName": "Enerģija dzēriens RED BULL Sugar Free 0,355L D",
    "productPriceOld": {
      "value": 2.19,
      "unit": "€"
    },
    "productPrice": {
      "value": 1.49,
      "unit": "€"
    },
    "productPricePerUnit": {
      "value": 4.2,
      "unit": "€/l"
    },
    "productPriceWithLoyaltyCard": null,
    "productPricePerUnitWithLoyaltyCard": null,
    "imageUrl": "https://cdn.barbora.lv/products/ea126223-e5f1-407c-9fd0-3f2a859ce08b_s.png",
    "available": true,
    "discount": 32
  },
  {
    "shop": "MAXIMA",
    "categories": [
      2,
      2001,
      2001003
    ],
    "productName": "Tostermaize Druva sēklu 450g",
    "productPriceOld": null,
    "productPrice": {
      "value": 1.89,
      "unit": "€"
    },
    "productPricePerUnit": {
      "value": 4.2,
      "unit": "€/kg"
    },
    "productPriceWithLoyaltyCard": null,
    "productPricePerUnitWithLoyaltyCard": null,
    "imageUrl": "https://cdn.barbora.lv/products/f15c9819-4e16-448c-b7d5-e4a5fb54d3b5_s.png",
    "available": true,
    "discount": null
  },
  {
    "shop": "RIMI",
    "categories": [
      1,
      1001,
      1001001
    ],
    "productName": "Alus Miller Genuine Draft 4,7% 0,33l",
    "productPriceOld": null,
    "productPrice": {
      "value": 1.79,
      "unit": "€/gab"
    },
    "productPricePerUnit": {
      "value": 5.42,
      "unit": "€/l"
    },
    "productPriceWithLoyaltyCard": {
      "value": 1.39,
      "unit": "€"
    },
    "productPricePerUnitWithLoyaltyCard": {
      "value": 4.21,
      "unit": "€/l"
    },
    "imageUrl": "https://rimibaltic-res.cloudinary.com/image/upload/d_ecommerce:backend-fallback.png/MAT_1350770_PCE_LV",
    "available": true,
    "discount": 22
  },
  {
    "shop": "MAXIMA",
    "categories": [
      1,
      1002,
      10010021
    ],
    "productName": "Gāzēts dzēriens GARDU MUTI Flow cidoniju BIO 0,33L D",
    "productPriceOld": {
      "value": 1.99,
      "unit": "€"
    },
    "productPrice": {
      "value": 1.99,
      "unit": "€"
    },
    "productPricePerUnit": {
      "value": 6.03,
      "unit": "€/l"
    },
    "productPriceWithLoyaltyCard": {
      "value": 1.39,
      "unit": "€"
    },
    "productPricePerUnitWithLoyaltyCard": {
      "value": 4.21,
      "unit": "€/l"
    },
    "imageUrl": "https://cdn.barbora.lv/products/9c86cfee-0005-4bdc-9db6-a4c93be8ec9d_s.png",
    "available": true,
    "discount": 30
  },
  {
    "shop": "MAXIMA",
    "categories": [
      1,
      1003,
      1003005
    ],
    "productName": "Bezalk.dzēr.LE COQ Virgin Mojito 0,33L D",
    "productPriceOld": null,
    "productPrice": {
      "value": 1.39,
      "unit": "€"
    },
    "productPricePerUnit": {
      "value": 4.21,
      "unit": "€/l"
    },
    "productPriceWithLoyaltyCard": null,
    "productPricePerUnitWithLoyaltyCard": null,
    "imageUrl": "https://cdn.barbora.lv/products/cd5a37af-c080-4c77-87ee-dc17df135e2c_s.png",
    "available": true,
    "discount": null
  },
  {
    "shop": "CITRO",
    "categories": [
      1,
      1001,
      1001001
    ],
    "productName": "ALUS KOKT. DLIGHT ENERGY FLAVOR 2.9% 0.33L STIKLS",
    "productPriceOld": null,
    "productPrice": null,
    "productPricePerUnit": {
      "value": 4.21,
      "unit": "€/L"
    },
    "productPriceWithLoyaltyCard": null,
    "productPricePerUnitWithLoyaltyCard": null,
    "imageUrl": "https://rezekne.citro.lv/wp-content/uploads/2024/04/4770349230678-300x300.jpg",
    "available": true,
    "discount": null
  },
  {
    "shop": "CITRO",
    "categories": [
      1,
      1001,
      1001001
    ],
    "productName": "ALUS KOKT. DLIGHT LEMON 2.9% 0.33L STIKLS",
    "productPriceOld": null,
    "productPrice": null,
    "productPricePerUnit": {
      "value": 4.21,
      "unit": "€/L"
    },
    "productPriceWithLoyaltyCard": null,
    "productPricePerUnitWithLoyaltyCard": null,
    "imageUrl": "https://rezekne.citro.lv/wp-content/uploads/2024/04/4770075448699-300x300.jpg",
    "available": true,
    "discount": null
  },
  {
    "shop": "CITRO",
    "categories": [
      1,
      1002,
      10010022
    ],
    "productName": "ENERĢIJAS DZĒR. BATTERY FRESH 0.5L CAN",
    "productPriceOld": null,
    "productPrice": null,
    "productPricePerUnit": {
      "value": 4.21,
      "unit": "€/L"
    },
    "productPriceWithLoyaltyCard": null,
    "productPricePerUnitWithLoyaltyCard": null,
    "imageUrl": "https://rezekne.citro.lv/wp-content/uploads/2022/04/4750049002942-300x300.jpg",
    "available": true,
    "discount": null
  },
  {
    "shop": "RIMI",
    "categories": [
      2,
      2001,
      2001002
    ],
    "productName": "Baltmaize Kungu sagriezta 400g",
    "productPriceOld": null,
    "productPrice": {
      "value": 1.69,
      "unit": "€/gab"
    },
    "productPricePerUnit": {
      "value": 4.22,
      "unit": "€/kg"
    },
    "productPriceWithLoyaltyCard": null,
    "productPricePerUnitWithLoyaltyCard": null,
    "imageUrl": "https://rimibaltic-res.cloudinary.com/image/upload/d_ecommerce:backend-fallback.png/MAT_210215_PCE_LV",
    "available": true,
    "discount": null
  },
  {
    "shop": "MAXIMA",
    "categories": [
      1,
      1002,
      10010021
    ],
    "productName": "Gāzēts dzēriens MEŽEZERS zemeņu 0,75L D",
    "productPriceOld": null,
    "productPrice": {
      "value": 3.17,
      "unit": "€"
    },
    "productPricePerUnit": {
      "value": 4.23,
      "unit": "€/l"
    },
    "productPriceWithLoyaltyCard": null,
    "productPricePerUnitWithLoyaltyCard": null,
    "imageUrl": "https://cdn.barbora.lv/products/fb52cc68-fbc5-4ea7-8dab-860c1ef66679_s.png",
    "available": true,
    "discount": null
  },
  {
    "shop": "MAXIMA",
    "categories": [
      1,
      1001,
      1001001
    ],
    "productName": "Alus CĒSU LIGHT LIME 4,2% 0,33L D",
    "productPriceOld": null,
    "productPrice": {
      "value": 1.4,
      "unit": "€"
    },
    "productPricePerUnit": {
      "value": 4.24,
      "unit": "€/l"
    },
    "productPriceWithLoyaltyCard": null,
    "productPricePerUnitWithLoyaltyCard": null,
    "imageUrl": "https://cdn.barbora.lv/products/6cfca87e-3a3f-423d-b332-84cd3c743ff7_s.png",
    "available": true,
    "discount": null
  },
  {
    "shop": "MAXIMA",
    "categories": [
      1,
      1001,
      1001001
    ],
    "productName": "Alus dz.SALITOS Original 5,9% 0,5L sk.D",
    "productPriceOld": null,
    "productPrice": {
      "value": 2.12,
      "unit": "€"
    },
    "productPricePerUnit": {
      "value": 4.24,
      "unit": "€/l"
    },
    "productPriceWithLoyaltyCard": null,
    "productPricePerUnitWithLoyaltyCard": null,
    "imageUrl": "https://cdn.barbora.lv/products/a5650e6b-a1c1-47c0-81d2-b6a08212cae1_s.png",
    "available": true,
    "discount": null
  },
  {
    "shop": "MAXIMA",
    "categories": [
      1,
      1001,
      1001001
    ],
    "productName": "Alus IĻĢUCIEMA tumšais 5,7% 0,5L D",
    "productPriceOld": null,
    "productPrice": {
      "value": 2.12,
      "unit": "€"
    },
    "productPricePerUnit": {
      "value": 4.24,
      "unit": "€/l"
    },
    "productPriceWithLoyaltyCard": null,
    "productPricePerUnitWithLoyaltyCard": null,
    "imageUrl": "https://cdn.barbora.lv/products/4cb26886-7f12-425e-9a71-f0fd1de0f742_s.png",
    "available": true,
    "discount": null
  },
  {
    "shop": "RIMI",
    "categories": [
      1,
      1002,
      10010020
    ],
    "productName": "Sulas dzēriens Vanilla Passion 30% 0,75l",
    "productPriceOld": null,
    "productPrice": {
      "value": 3.19,
      "unit": "€/gab"
    },
    "productPricePerUnit": {
      "value": 4.25,
      "unit": "€/l"
    },
    "productPriceWithLoyaltyCard": null,
    "productPricePerUnitWithLoyaltyCard": null,
    "imageUrl": "https://rimibaltic-res.cloudinary.com/image/upload/d_ecommerce:backend-fallback.png/MAT_1373581_PCE_LV",
    "available": true,
    "discount": null
  },
  {
    "shop": "RIMI",
    "categories": [
      1,
      1002,
      10010020
    ],
    "productName": "Sulas dzēriens Minty Melon 30% 0,75l",
    "productPriceOld": null,
    "productPrice": {
      "value": 3.19,
      "unit": "€/gab"
    },
    "productPricePerUnit": {
      "value": 4.25,
      "unit": "€/l"
    },
    "productPriceWithLoyaltyCard": null,
    "productPricePerUnitWithLoyaltyCard": null,
    "imageUrl": "https://rimibaltic-res.cloudinary.com/image/upload/d_ecommerce:backend-fallback.png/MAT_1373591_PCE_LV",
    "available": true,
    "discount": null
  },
  {
    "shop": "MAXIMA",
    "categories": [
      1,
      1001,
      1001001
    ],
    "productName": "Alus BUDWEISER PREMIUM LAGER 5% 0,5L D",
    "productPriceOld": null,
    "productPrice": {
      "value": 2.13,
      "unit": "€"
    },
    "productPricePerUnit": {
      "value": 4.26,
      "unit": "€/l"
    },
    "productPriceWithLoyaltyCard": null,
    "productPricePerUnitWithLoyaltyCard": null,
    "imageUrl": "https://cdn.barbora.lv/products/c6f2f6e7-02ab-4170-ba10-0c2e518d3a97_s.png",
    "available": true,
    "discount": null
  },
  {
    "shop": "RIMI",
    "categories": [
      1,
      1002,
      10010020
    ],
    "productName": "Rozā greipfrūtu sula Don Simon 100% 1l",
    "productPriceOld": null,
    "productPrice": {
      "value": 4.29,
      "unit": "€/gab"
    },
    "productPricePerUnit": {
      "value": 4.29,
      "unit": "€/l"
    },
    "productPriceWithLoyaltyCard": null,
    "productPricePerUnitWithLoyaltyCard": null,
    "imageUrl": "https://rimibaltic-res.cloudinary.com/image/upload/d_ecommerce:backend-fallback.png/MAT_1015426_PCE_LV",
    "available": true,
    "discount": null
  },
  {
    "shop": "RIMI",
    "categories": [
      1,
      1002,
      10010020
    ],
    "productName": "Ananāsu sula Don Simon 100% 1l",
    "productPriceOld": null,
    "productPrice": {
      "value": 4.29,
      "unit": "€/gab"
    },
    "productPricePerUnit": {
      "value": 4.29,
      "unit": "€/l"
    },
    "productPriceWithLoyaltyCard": null,
    "productPricePerUnitWithLoyaltyCard": null,
    "imageUrl": "https://rimibaltic-res.cloudinary.com/image/upload/d_ecommerce:backend-fallback.png/MAT_1015425_PCE_LV",
    "available": true,
    "discount": null
  },
  {
    "shop": "RIMI",
    "categories": [
      2,
      2001,
      2001005
    ],
    "productName": "Saldskābmaize Latviskā sēklām/graudiem 300g",
    "productPriceOld": null,
    "productPrice": {
      "value": 1.29,
      "unit": "€/gab"
    },
    "productPricePerUnit": {
      "value": 4.3,
      "unit": "€/kg"
    },
    "productPriceWithLoyaltyCard": null,
    "productPricePerUnitWithLoyaltyCard": null,
    "imageUrl": "https://rimibaltic-res.cloudinary.com/image/upload/d_ecommerce:backend-fallback.png/MAT_218278_PCE_LV",
    "available": true,
    "discount": null
  },
  {
    "shop": "RIMI",
    "categories": [
      2,
      2001,
      20010012
    ],
    "productName": "Ciabatta Izcep pats tumšā 300g",
    "productPriceOld": {
      "value": 1.69,
      "unit": "€"
    },
    "productPrice": {
      "value": 1.29,
      "unit": "€/gab"
    },
    "productPricePerUnit": {
      "value": 4.3,
      "unit": "€/kg"
    },
    "productPriceWithLoyaltyCard": null,
    "productPricePerUnitWithLoyaltyCard": null,
    "imageUrl": "https://rimibaltic-res.cloudinary.com/image/upload/d_ecommerce:backend-fallback.png/MAT_948764_PCE_LV",
    "available": true,
    "discount": 24
  },
  {
    "shop": "RIMI",
    "categories": [
      2,
      2001,
      2001007
    ],
    "productName": "Maize kliju Latvijas graudu 300g",
    "productPriceOld": null,
    "productPrice": {
      "value": 1.29,
      "unit": "€/gab"
    },
    "productPricePerUnit": {
      "value": 4.3,
      "unit": "€/kg"
    },
    "productPriceWithLoyaltyCard": null,
    "productPricePerUnitWithLoyaltyCard": null,
    "imageUrl": "https://rimibaltic-res.cloudinary.com/image/upload/d_ecommerce:backend-fallback.png/MAT_952513_PCE_LV",
    "available": true,
    "discount": null
  },
  {
    "shop": "RIMI",
    "categories": [
      1,
      1001,
      1001001
    ],
    "productName": "Alus Užavas gaišais 4,6% 0,5l",
    "productPriceOld": null,
    "productPrice": {
      "value": 2.15,
      "unit": "€/gab"
    },
    "productPricePerUnit": {
      "value": 4.3,
      "unit": "€/l"
    },
    "productPriceWithLoyaltyCard": null,
    "productPricePerUnitWithLoyaltyCard": null,
    "imageUrl": "https://rimibaltic-res.cloudinary.com/image/upload/d_ecommerce:backend-fallback.png/MAT_459099_PCE_LV",
    "available": true,
    "discount": null
  },
  {
    "shop": "RIMI",
    "categories": [
      1,
      1001,
      1001001
    ],
    "productName": "Kvasa iesala alus Lielvārdes 4,6% 0,5l",
    "productPriceOld": null,
    "productPrice": {
      "value": 2.15,
      "unit": "€/gab"
    },
    "productPricePerUnit": {
      "value": 4.3,
      "unit": "€/l"
    },
    "productPriceWithLoyaltyCard": null,
    "productPricePerUnitWithLoyaltyCard": null,
    "imageUrl": "https://rimibaltic-res.cloudinary.com/image/upload/d_ecommerce:backend-fallback.png/MAT_1374429_PCE_LV",
    "available": true,
    "discount": null
  },
  {
    "shop": "RIMI",
    "categories": [
      1,
      1001,
      1001005
    ],
    "productName": "Alk. kokt. John Freitag Gin&Rose 5% 0,5l",
    "productPriceOld": null,
    "productPrice": {
      "value": 2.15,
      "unit": "€/gab"
    },
    "productPricePerUnit": {
      "value": 4.3,
      "unit": "€/l"
    },
    "productPriceWithLoyaltyCard": null,
    "productPricePerUnitWithLoyaltyCard": null,
    "imageUrl": "https://rimibaltic-res.cloudinary.com/image/upload/d_ecommerce:backend-fallback.png/MAT_7228206_PCE_LV",
    "available": true,
    "discount": null
  },
  {
    "shop": "RIMI",
    "categories": [
      1,
      1001,
      1001005
    ],
    "productName": "Alk. kokt. John Freitag Gin&Tonic 5% 0,5l",
    "productPriceOld": null,
    "productPrice": {
      "value": 2.15,
      "unit": "€/gab"
    },
    "productPricePerUnit": {
      "value": 4.3,
      "unit": "€/l"
    },
    "productPriceWithLoyaltyCard": null,
    "productPricePerUnitWithLoyaltyCard": null,
    "imageUrl": "https://rimibaltic-res.cloudinary.com/image/upload/d_ecommerce:backend-fallback.png/MAT_7228205_PCE_LV",
    "available": true,
    "discount": null
  },
  {
    "shop": "MAXIMA",
    "categories": [
      1,
      1001,
      1001005
    ],
    "productName": "Alk.kokt.JOH.FREITAG GIN&ROSE 5% 0,5L D",
    "productPriceOld": null,
    "productPrice": {
      "value": 2.15,
      "unit": "€"
    },
    "productPricePerUnit": {
      "value": 4.3,
      "unit": "€/l"
    },
    "productPriceWithLoyaltyCard": null,
    "productPricePerUnitWithLoyaltyCard": null,
    "imageUrl": "https://cdn.barbora.lv/products/3d879fa3-ae73-446b-8a4e-54f777f834a2_s.png",
    "available": true,
    "discount": null
  },
  {
    "shop": "MAXIMA",
    "categories": [
      1,
      1001,
      1001005
    ],
    "productName": "Alk.kokt.J.FREITAG GIN&TONIC 5% 0,5L D",
    "productPriceOld": null,
    "productPrice": {
      "value": 2.15,
      "unit": "€"
    },
    "productPricePerUnit": {
      "value": 4.3,
      "unit": "€/l"
    },
    "productPriceWithLoyaltyCard": null,
    "productPricePerUnitWithLoyaltyCard": null,
    "imageUrl": "https://cdn.barbora.lv/products/c41e5fb8-1d99-45c7-a472-46f5661ac585_s.png",
    "available": true,
    "discount": null
  },
  {
    "shop": "MAXIMA",
    "categories": [
      1,
      1001,
      1001005
    ],
    "productName": "Alk.k.Gin&Herbs JOHAN FREITAG 5% 0,5L D",
    "productPriceOld": null,
    "productPrice": {
      "value": 2.15,
      "unit": "€"
    },
    "productPricePerUnit": {
      "value": 4.3,
      "unit": "€/l"
    },
    "productPriceWithLoyaltyCard": null,
    "productPricePerUnitWithLoyaltyCard": null,
    "imageUrl": "https://cdn.barbora.lv/products/79ac46f1-381f-4ea7-9f33-a0e6d129c626_s.png",
    "available": true,
    "discount": null
  },
  {
    "shop": "MAXIMA",
    "categories": [
      2,
      2001,
      2001005
    ],
    "productName": "Saldskābmaize Liepkalni Latviskā sēklu 300g",
    "productPriceOld": null,
    "productPrice": {
      "value": 1.29,
      "unit": "€"
    },
    "productPricePerUnit": {
      "value": 4.3,
      "unit": "€/kg"
    },
    "productPriceWithLoyaltyCard": null,
    "productPricePerUnitWithLoyaltyCard": null,
    "imageUrl": "https://cdn.barbora.lv/products/e9fc9380-fe3f-4768-986d-44c854139f67_s.png",
    "available": true,
    "discount": null
  },
  {
    "shop": "MAXIMA",
    "categories": [
      2,
      2001,
      2001007,
      2001001
    ],
    "productName": "Maize LATVIJAS GRAUDU kliju pilngraudu 300g",
    "productPriceOld": null,
    "productPrice": {
      "value": 1.29,
      "unit": "€"
    },
    "productPricePerUnit": {
      "value": 4.3,
      "unit": "€/kg"
    },
    "productPriceWithLoyaltyCard": null,
    "productPricePerUnitWithLoyaltyCard": null,
    "imageUrl": "https://cdn.barbora.lv/products/418af652-214e-458e-95ce-451ba388cb87_s.png",
    "available": true,
    "discount": null
  },
  {
    "shop": "MAXIMA",
    "categories": [
      2,
      2001,
      2001003
    ],
    "productName": "Tostermaize Kungu 500g",
    "productPriceOld": null,
    "productPrice": {
      "value": 2.15,
      "unit": "€"
    },
    "productPricePerUnit": {
      "value": 4.3,
      "unit": "€/kg"
    },
    "productPriceWithLoyaltyCard": null,
    "productPricePerUnitWithLoyaltyCard": null,
    "imageUrl": "https://cdn.barbora.lv/products/ddec3fcf-0ca7-4e57-8d31-50193c40a0a3_s.png",
    "available": true,
    "discount": null
  },
  {
    "shop": "MAXIMA",
    "categories": [
      2,
      2001,
      20010015
    ],
    "productName": "Sausiņi Siguldas ar vanilīnu 300g",
    "productPriceOld": {
      "value": 1.39,
      "unit": "€"
    },
    "productPrice": {
      "value": 1.39,
      "unit": "€"
    },
    "productPricePerUnit": {
      "value": 4.63,
      "unit": "€/kg"
    },
    "productPriceWithLoyaltyCard": {
      "value": 1.29,
      "unit": "€"
    },
    "productPricePerUnitWithLoyaltyCard": {
      "value": 4.3,
      "unit": "€/kg"
    },
    "imageUrl": "https://cdn.barbora.lv/products/8bf664e9-63a4-4aeb-ada4-454b8415d383_s.png",
    "available": true,
    "discount": 7
  },
  {
    "shop": "CITRO",
    "categories": [
      2,
      2001,
      2001008
    ],
    "productName": "MAIZE LATVIJAS GRAUDU SĒKLU 300G LATVIJASM",
    "productPriceOld": null,
    "productPrice": null,
    "productPricePerUnit": {
      "value": 4.3,
      "unit": "€/KG"
    },
    "productPriceWithLoyaltyCard": null,
    "productPricePerUnitWithLoyaltyCard": null,
    "imageUrl": "https://rezekne.citro.lv/wp-content/uploads/2020/12/4750192732208-300x300.jpg",
    "available": true,
    "discount": null
  },
  {
    "shop": "MAXIMA",
    "categories": [
      1,
      1001,
      1001005
    ],
    "productName": "Alk.kokt.GARAGE Hard Orange 6% 0,5L sk.D",
    "productPriceOld": null,
    "productPrice": {
      "value": 2.16,
      "unit": "€"
    },
    "productPricePerUnit": {
      "value": 4.32,
      "unit": "€/l"
    },
    "productPriceWithLoyaltyCard": null,
    "productPricePerUnitWithLoyaltyCard": null,
    "imageUrl": "https://cdn.barbora.lv/products/96656fef-3064-44e8-b14c-8f59a38038a4_s.png",
    "available": true,
    "discount": null
  },
  {
    "shop": "MAXIMA",
    "categories": [
      1,
      1001,
      1001005
    ],
    "productName": "Alk.k.GARAGE Hard Tropical 6% 0,5L sk.D",
    "productPriceOld": null,
    "productPrice": {
      "value": 2.16,
      "unit": "€"
    },
    "productPricePerUnit": {
      "value": 4.32,
      "unit": "€/l"
    },
    "productPriceWithLoyaltyCard": null,
    "productPricePerUnitWithLoyaltyCard": null,
    "imageUrl": "https://cdn.barbora.lv/products/52349c43-94e2-4610-b69b-5b66231e4bc1_s.png",
    "available": true,
    "discount": null
  },
  {
    "shop": "RIMI",
    "categories": [
      2,
      2001,
      2001004
    ],
    "productName": "Rudzu maize Ķelmēni 1/2 sagriezta 460g",
    "productPriceOld": null,
    "productPrice": {
      "value": 1.99,
      "unit": "€/gab"
    },
    "productPricePerUnit": {
      "value": 4.33,
      "unit": "€/kg"
    },
    "productPriceWithLoyaltyCard": null,
    "productPricePerUnitWithLoyaltyCard": null,
    "imageUrl": "https://rimibaltic-res.cloudinary.com/image/upload/d_ecommerce:backend-fallback.png/MAT_211634_PCE_LV",
    "available": true,
    "discount": null
  },
  {
    "shop": "RIMI",
    "categories": [
      1,
      1002,
      10010021
    ],
    "productName": "Dzirk. dzēr. Mežezers zelta ar cidon.g. 0,75l",
    "productPriceOld": null,
    "productPrice": {
      "value": 3.25,
      "unit": "€/gab"
    },
    "productPricePerUnit": {
      "value": 4.33,
      "unit": "€/l"
    },
    "productPriceWithLoyaltyCard": null,
    "productPricePerUnitWithLoyaltyCard": null,
    "imageUrl": "https://rimibaltic-res.cloudinary.com/image/upload/d_ecommerce:backend-fallback.png/MAT_113106_PCE_LV",
    "available": true,
    "discount": null
  },
  {
    "shop": "RIMI",
    "categories": [
      1,
      1002,
      10010021
    ],
    "productName": "Dzirkst. dzēriens Mežezers Klasiskais 0,75l",
    "productPriceOld": null,
    "productPrice": {
      "value": 3.25,
      "unit": "€/gab"
    },
    "productPricePerUnit": {
      "value": 4.33,
      "unit": "€/l"
    },
    "productPriceWithLoyaltyCard": null,
    "productPricePerUnitWithLoyaltyCard": null,
    "imageUrl": "https://rimibaltic-res.cloudinary.com/image/upload/d_ecommerce:backend-fallback.png/MAT_113117_PCE_LV",
    "available": true,
    "discount": null
  },
  {
    "shop": "RIMI",
    "categories": [
      1,
      1002,
      10010021
    ],
    "productName": "Dzirkst.dzēriens Mežezers Rose bezalk. 0,75l",
    "productPriceOld": null,
    "productPrice": {
      "value": 3.25,
      "unit": "€/gab"
    },
    "productPricePerUnit": {
      "value": 4.33,
      "unit": "€/l"
    },
    "productPriceWithLoyaltyCard": null,
    "productPricePerUnitWithLoyaltyCard": null,
    "imageUrl": "https://rimibaltic-res.cloudinary.com/image/upload/d_ecommerce:backend-fallback.png/MAT_1362770_PCE_LV",
    "available": true,
    "discount": null
  },
  {
    "shop": "RIMI",
    "categories": [
      1,
      1002,
      10010021
    ],
    "productName": "Dzirkstošais dzēriens Mežezers samta 0,75l",
    "productPriceOld": null,
    "productPrice": {
      "value": 3.25,
      "unit": "€/gab"
    },
    "productPricePerUnit": {
      "value": 4.33,
      "unit": "€/l"
    },
    "productPriceWithLoyaltyCard": null,
    "productPricePerUnitWithLoyaltyCard": null,
    "imageUrl": "https://rimibaltic-res.cloudinary.com/image/upload/d_ecommerce:backend-fallback.png/MAT_191532_PCE_LV",
    "available": true,
    "discount": null
  },
  {
    "shop": "RIMI",
    "categories": [
      1,
      1001,
      1001003
    ],
    "productName": "S.v. Carreras Tempranillo 12% 3l",
    "productPriceOld": null,
    "productPrice": {
      "value": 20.99,
      "unit": "€/gab"
    },
    "productPricePerUnit": {
      "value": 7,
      "unit": "€/l"
    },
    "productPriceWithLoyaltyCard": {
      "value": 12.99,
      "unit": "€"
    },
    "productPricePerUnitWithLoyaltyCard": {
      "value": 4.33,
      "unit": "€/l"
    },
    "imageUrl": "https://rimibaltic-res.cloudinary.com/image/upload/d_ecommerce:backend-fallback.png/MAT_7258338_PCE_LV",
    "available": true,
    "discount": 38
  },
  {
    "shop": "RIMI",
    "categories": [
      1,
      1001,
      1001003
    ],
    "productName": "R.v. Carreras Tempranillo 12% 3l",
    "productPriceOld": null,
    "productPrice": {
      "value": 20.99,
      "unit": "€/gab"
    },
    "productPricePerUnit": {
      "value": 7,
      "unit": "€/l"
    },
    "productPriceWithLoyaltyCard": {
      "value": 12.99,
      "unit": "€"
    },
    "productPricePerUnitWithLoyaltyCard": {
      "value": 4.33,
      "unit": "€/l"
    },
    "imageUrl": "https://rimibaltic-res.cloudinary.com/image/upload/d_ecommerce:backend-fallback.png/MAT_7258360_PCE_LV",
    "available": true,
    "discount": 38
  },
  {
    "shop": "MAXIMA",
    "categories": [
      1,
      1002,
      10010021
    ],
    "productName": "Gāzēts dzēriens MEŽEZERS 0,75L D",
    "productPriceOld": null,
    "productPrice": {
      "value": 3.25,
      "unit": "€"
    },
    "productPricePerUnit": {
      "value": 4.33,
      "unit": "€/l"
    },
    "productPriceWithLoyaltyCard": null,
    "productPricePerUnitWithLoyaltyCard": null,
    "imageUrl": "https://cdn.barbora.lv/products/c79d4c51-625b-4424-8419-285c5a979113_s.png",
    "available": true,
    "discount": null
  },
  {
    "shop": "MAXIMA",
    "categories": [
      1,
      1002,
      10010021
    ],
    "productName": "Gāzēts dzēriens MEŽEZERS ROSE 0,75L D",
    "productPriceOld": null,
    "productPrice": {
      "value": 3.25,
      "unit": "€"
    },
    "productPricePerUnit": {
      "value": 4.33,
      "unit": "€/l"
    },
    "productPriceWithLoyaltyCard": null,
    "productPricePerUnitWithLoyaltyCard": null,
    "imageUrl": "https://cdn.barbora.lv/products/e3eb6b1e-c26a-4140-a17b-672b89c3ea45_s.png",
    "available": true,
    "discount": null
  },
  {
    "shop": "MAXIMA",
    "categories": [
      2,
      2001,
      2001006
    ],
    "productName": "Rupjmaize Rankas ĶELMĒNI sagriezta puse 460g",
    "productPriceOld": null,
    "productPrice": {
      "value": 1.99,
      "unit": "€"
    },
    "productPricePerUnit": {
      "value": 4.33,
      "unit": "€/kg"
    },
    "productPriceWithLoyaltyCard": null,
    "productPricePerUnitWithLoyaltyCard": null,
    "imageUrl": "https://cdn.barbora.lv/products/dbc1aae4-61f7-4e08-919e-b6ac8a2cf2a0_s.png",
    "available": true,
    "discount": null
  },
  {
    "shop": "MAXIMA",
    "categories": [
      1,
      1002,
      10010023
    ],
    "productName": "Kvass UŽAVAS Lauku 0,32L D",
    "productPriceOld": null,
    "productPrice": {
      "value": 1.39,
      "unit": "€"
    },
    "productPricePerUnit": {
      "value": 4.34,
      "unit": "€/l"
    },
    "productPriceWithLoyaltyCard": null,
    "productPricePerUnitWithLoyaltyCard": null,
    "imageUrl": "https://cdn.barbora.lv/products/1e1ade94-9284-4458-b6d4-65e409bb63c3_s.png",
    "available": true,
    "discount": null
  },
  {
    "shop": "MAXIMA",
    "categories": [
      1,
      1001,
      1001001
    ],
    "productName": "Alus KRUŠOVICE IMPERIAL gaišais 5% 0.5L D",
    "productPriceOld": null,
    "productPrice": {
      "value": 2.17,
      "unit": "€"
    },
    "productPricePerUnit": {
      "value": 4.34,
      "unit": "€/l"
    },
    "productPriceWithLoyaltyCard": null,
    "productPricePerUnitWithLoyaltyCard": null,
    "imageUrl": "https://cdn.barbora.lv/products/053006e7-86e0-49a2-8f18-1d4a2dc818df_s.png",
    "available": true,
    "discount": null
  },
  {
    "shop": "MAXIMA",
    "categories": [
      2,
      2001,
      2001002
    ],
    "productName": "Franču bagete gaišā 320g",
    "productPriceOld": null,
    "productPrice": {
      "value": 1.39,
      "unit": "€"
    },
    "productPricePerUnit": {
      "value": 4.34,
      "unit": "€/kg"
    },
    "productPriceWithLoyaltyCard": null,
    "productPricePerUnitWithLoyaltyCard": null,
    "imageUrl": "https://cdn.barbora.lv/products/9ac06972-18dc-4227-b467-6cefc9e880dd_s.png",
    "available": true,
    "discount": null
  },
  {
    "shop": "RIMI",
    "categories": [
      2,
      2001,
      2001007
    ],
    "productName": "Kliju maize Flora sagriezta 250g",
    "productPriceOld": {
      "value": 1.25,
      "unit": "€"
    },
    "productPrice": {
      "value": 1.09,
      "unit": "€/gab"
    },
    "productPricePerUnit": {
      "value": 4.36,
      "unit": "€/kg"
    },
    "productPriceWithLoyaltyCard": null,
    "productPricePerUnitWithLoyaltyCard": null,
    "imageUrl": "https://rimibaltic-res.cloudinary.com/image/upload/d_ecommerce:backend-fallback.png/MAT_284378_PCE_LV",
    "available": true,
    "discount": 13
  },
  {
    "shop": "CITRO",
    "categories": [
      2,
      2001,
      2001002
    ],
    "productName": "MAIZE DZĪVĀ ŠĶIEDRVIELU 250G FAZER",
    "productPriceOld": {
      "value": 1.31,
      "unit": "€"
    },
    "productPrice": {
      "value": 1.09,
      "unit": "€"
    },
    "productPricePerUnit": {
      "value": 4.36,
      "unit": "€/KG"
    },
    "productPriceWithLoyaltyCard": null,
    "productPricePerUnitWithLoyaltyCard": null,
    "imageUrl": "https://rezekne.citro.lv/wp-content/uploads/2020/05/4750212900389-300x300.jpg",
    "available": true,
    "discount": 17
  },
  {
    "shop": "CITRO",
    "categories": [
      2,
      2001,
      2001008
    ],
    "productName": "MAIZE GRAUDU DZĪVĀ SAULESPUĶU 250G FAZER",
    "productPriceOld": {
      "value": 1.31,
      "unit": "€"
    },
    "productPrice": {
      "value": 1.09,
      "unit": "€"
    },
    "productPricePerUnit": {
      "value": 4.36,
      "unit": "€/KG"
    },
    "productPriceWithLoyaltyCard": null,
    "productPricePerUnitWithLoyaltyCard": null,
    "imageUrl": "https://rezekne.citro.lv/wp-content/uploads/2020/07/4750212900372-300x300.jpg",
    "available": true,
    "discount": 17
  },
  {
    "shop": "CITRO",
    "categories": [
      2,
      2001,
      2001008
    ],
    "productName": "MAIZE GRAUDU DZĪVĀ SĒKLU 250G FAZER",
    "productPriceOld": {
      "value": 1.31,
      "unit": "€"
    },
    "productPrice": {
      "value": 1.09,
      "unit": "€"
    },
    "productPricePerUnit": {
      "value": 4.36,
      "unit": "€/KG"
    },
    "productPriceWithLoyaltyCard": null,
    "productPricePerUnitWithLoyaltyCard": null,
    "imageUrl": "https://rezekne.citro.lv/wp-content/uploads/2020/12/4750212900365-300x300.jpg",
    "available": true,
    "discount": 17
  },
  {
    "shop": "RIMI",
    "categories": [
      2,
      2001,
      2001002
    ],
    "productName": "Baltmaize Fazer Gardā sagriezta 400g",
    "productPriceOld": null,
    "productPrice": {
      "value": 1.75,
      "unit": "€/gab"
    },
    "productPricePerUnit": {
      "value": 4.37,
      "unit": "€/kg"
    },
    "productPriceWithLoyaltyCard": null,
    "productPricePerUnitWithLoyaltyCard": null,
    "imageUrl": "https://rimibaltic-res.cloudinary.com/image/upload/d_ecommerce:backend-fallback.png/MAT_286108_PCE_LV",
    "available": true,
    "discount": null
  },
  {
    "shop": "RIMI",
    "categories": [
      2,
      2001,
      20010011
    ],
    "productName": "Dzēriens Aloe Vera ar chia sēklām 0,5l",
    "productPriceOld": null,
    "productPrice": {
      "value": 2.19,
      "unit": "€/gab"
    },
    "productPricePerUnit": {
      "value": 4.38,
      "unit": "€/l"
    },
    "productPriceWithLoyaltyCard": null,
    "productPricePerUnitWithLoyaltyCard": null,
    "imageUrl": "https://rimibaltic-res.cloudinary.com/image/upload/d_ecommerce:backend-fallback.png/MAT_1361332_PCE_LV",
    "available": true,
    "discount": null
  },
  {
    "shop": "RIMI",
    "categories": [
      1,
      1002,
      10010027
    ],
    "productName": "Aloe dzēriens Aleo premium 500 ml",
    "productPriceOld": null,
    "productPrice": {
      "value": 2.19,
      "unit": "€/gab"
    },
    "productPricePerUnit": {
      "value": 4.38,
      "unit": "€/l"
    },
    "productPriceWithLoyaltyCard": null,
    "productPricePerUnitWithLoyaltyCard": null,
    "imageUrl": "https://rimibaltic-res.cloudinary.com/image/upload/d_ecommerce:backend-fallback.png/MAT_1355181_PCE_LV",
    "available": true,
    "discount": null
  },
  {
    "shop": "RIMI",
    "categories": [
      1,
      1002,
      10010021
    ],
    "productName": "Bezalk. dzirkst. dzēr. Mežezers cidonija 0,5l",
    "productPriceOld": null,
    "productPrice": {
      "value": 2.19,
      "unit": "€/gab"
    },
    "productPricePerUnit": {
      "value": 4.38,
      "unit": "€/l"
    },
    "productPriceWithLoyaltyCard": null,
    "productPricePerUnitWithLoyaltyCard": null,
    "imageUrl": "https://rimibaltic-res.cloudinary.com/image/upload/d_ecommerce:backend-fallback.png/MAT_1362142_PCE_LV",
    "available": true,
    "discount": null
  },
  {
    "shop": "RIMI",
    "categories": [
      1,
      1003,
      1003005
    ],
    "productName": "Bezalk. dzēr. Mežezers citr., piparm. 0,5l",
    "productPriceOld": null,
    "productPrice": {
      "value": 2.19,
      "unit": "€/gab"
    },
    "productPricePerUnit": {
      "value": 4.38,
      "unit": "€/l"
    },
    "productPriceWithLoyaltyCard": null,
    "productPricePerUnitWithLoyaltyCard": null,
    "imageUrl": "https://rimibaltic-res.cloudinary.com/image/upload/d_ecommerce:backend-fallback.png/MAT_1362170_PCE_LV",
    "available": true,
    "discount": null
  },
  {
    "shop": "RIMI",
    "categories": [
      1,
      1002,
      10010021
    ],
    "productName": "Bezalk. dzirkst. dzēr. Mežezers plūškoks 0,5l",
    "productPriceOld": null,
    "productPrice": {
      "value": 2.19,
      "unit": "€/gab"
    },
    "productPricePerUnit": {
      "value": 4.38,
      "unit": "€/l"
    },
    "productPriceWithLoyaltyCard": null,
    "productPricePerUnitWithLoyaltyCard": null,
    "imageUrl": "https://rimibaltic-res.cloudinary.com/image/upload/d_ecommerce:backend-fallback.png/MAT_1364244_PCE_LV",
    "available": true,
    "discount": null
  },
  {
    "shop": "RIMI",
    "categories": [
      1,
      1001,
      1001001
    ],
    "productName": "Medalus Iļģuciema oriģinālais 5,5% 0,5l",
    "productPriceOld": null,
    "productPrice": {
      "value": 2.19,
      "unit": "€/gab"
    },
    "productPricePerUnit": {
      "value": 4.38,
      "unit": "€/l"
    },
    "productPriceWithLoyaltyCard": null,
    "productPricePerUnitWithLoyaltyCard": null,
    "imageUrl": "https://rimibaltic-res.cloudinary.com/image/upload/d_ecommerce:backend-fallback.png/MAT_1358234_PCE_LV",
    "available": true,
    "discount": null
  },
  {
    "shop": "RIMI",
    "categories": [
      1,
      1001,
      1001001
    ],
    "productName": "Alus Iļģuciema Tumšais 5,7% 0,5l",
    "productPriceOld": null,
    "productPrice": {
      "value": 2.19,
      "unit": "€/gab"
    },
    "productPricePerUnit": {
      "value": 4.38,
      "unit": "€/l"
    },
    "productPriceWithLoyaltyCard": null,
    "productPricePerUnitWithLoyaltyCard": null,
    "imageUrl": "https://rimibaltic-res.cloudinary.com/image/upload/d_ecommerce:backend-fallback.png/MAT_1368889_PCE_LV",
    "available": true,
    "discount": null
  },
  {
    "shop": "RIMI",
    "categories": [
      1,
      1001,
      1001002
    ],
    "productName": "Sidrs Lielvārdes Craft saldais 4,8% 0,5l",
    "productPriceOld": null,
    "productPrice": {
      "value": 2.19,
      "unit": "€/gab"
    },
    "productPricePerUnit": {
      "value": 4.38,
      "unit": "€/l"
    },
    "productPriceWithLoyaltyCard": null,
    "productPricePerUnitWithLoyaltyCard": null,
    "imageUrl": "https://rimibaltic-res.cloudinary.com/image/upload/d_ecommerce:backend-fallback.png/MAT_1367901_PCE_LV",
    "available": true,
    "discount": null
  },
  {
    "shop": "RIMI",
    "categories": [
      1,
      1001,
      1001001
    ],
    "productName": "Alus BUD 5% 0,5l",
    "productPriceOld": {
      "value": 2.65,
      "unit": "€"
    },
    "productPrice": {
      "value": 2.19,
      "unit": "€/gab"
    },
    "productPricePerUnit": {
      "value": 4.38,
      "unit": "€/l"
    },
    "productPriceWithLoyaltyCard": null,
    "productPricePerUnitWithLoyaltyCard": null,
    "imageUrl": "https://rimibaltic-res.cloudinary.com/image/upload/d_ecommerce:backend-fallback.png/MAT_1369050_PCE_LV",
    "available": true,
    "discount": 17
  },
  {
    "shop": "RIMI",
    "categories": [
      1,
      1001,
      1001001
    ],
    "productName": "Alus Krusovice Imperial 5% 0,5l",
    "productPriceOld": null,
    "productPrice": {
      "value": 2.19,
      "unit": "€/gab"
    },
    "productPricePerUnit": {
      "value": 4.38,
      "unit": "€/l"
    },
    "productPriceWithLoyaltyCard": null,
    "productPricePerUnitWithLoyaltyCard": null,
    "imageUrl": "https://rimibaltic-res.cloudinary.com/image/upload/d_ecommerce:backend-fallback.png/MAT_1351130_PCE_LV",
    "available": true,
    "discount": null
  },
  {
    "shop": "RIMI",
    "categories": [
      1,
      1001,
      1001001
    ],
    "productName": "Alus Iļģuciema Bišumuiža gaišais 5,8% 0,5l",
    "productPriceOld": null,
    "productPrice": {
      "value": 2.19,
      "unit": "€/gab"
    },
    "productPricePerUnit": {
      "value": 4.38,
      "unit": "€/l"
    },
    "productPriceWithLoyaltyCard": null,
    "productPricePerUnitWithLoyaltyCard": null,
    "imageUrl": "https://rimibaltic-res.cloudinary.com/image/upload/d_ecommerce:backend-fallback.png/MAT_1371698_PCE_LV",
    "available": true,
    "discount": null
  },
  {
    "shop": "MAXIMA",
    "categories": [
      1,
      1002,
      10010027
    ],
    "productName": "Dzēriens ALEO Aloe Vera mango g. 0,5L D",
    "productPriceOld": null,
    "productPrice": {
      "value": 2.19,
      "unit": "€"
    },
    "productPricePerUnit": {
      "value": 4.38,
      "unit": "€/l"
    },
    "productPriceWithLoyaltyCard": null,
    "productPricePerUnitWithLoyaltyCard": null,
    "imageUrl": "https://cdn.barbora.lv/products/d2b3fe5e-c3b9-45ad-842a-d656ad0ead46_s.png",
    "available": true,
    "discount": null
  },
  {
    "shop": "MAXIMA",
    "categories": [
      1,
      1002,
      10010027
    ],
    "productName": "Dzēriens ALEO Aloe Vera zemeņu g. 0,5L D",
    "productPriceOld": null,
    "productPrice": {
      "value": 2.19,
      "unit": "€"
    },
    "productPricePerUnit": {
      "value": 4.38,
      "unit": "€/l"
    },
    "productPriceWithLoyaltyCard": null,
    "productPricePerUnitWithLoyaltyCard": null,
    "imageUrl": "https://cdn.barbora.lv/products/7d7f622d-cf50-46a5-8a23-11ba274e4267_s.png",
    "available": true,
    "discount": null
  },
  {
    "shop": "MAXIMA",
    "categories": [
      1,
      1002,
      10010027
    ],
    "productName": "Dzēriens ALEO Aloe Vera Premium 0,5L D",
    "productPriceOld": null,
    "productPrice": {
      "value": 2.19,
      "unit": "€"
    },
    "productPricePerUnit": {
      "value": 4.38,
      "unit": "€/l"
    },
    "productPriceWithLoyaltyCard": null,
    "productPricePerUnitWithLoyaltyCard": null,
    "imageUrl": "https://cdn.barbora.lv/products/b8ca7886-c0cf-4cf3-af4f-013fa45bf5dc_s.png",
    "available": true,
    "discount": null
  },
  {
    "shop": "MAXIMA",
    "categories": [
      1,
      1002,
      10010021
    ],
    "productName": "Gāzēts dzēr. MEŽEZERS cidoniju 0,5L D",
    "productPriceOld": null,
    "productPrice": {
      "value": 2.19,
      "unit": "€"
    },
    "productPricePerUnit": {
      "value": 4.38,
      "unit": "€/l"
    },
    "productPriceWithLoyaltyCard": null,
    "productPricePerUnitWithLoyaltyCard": null,
    "imageUrl": "https://cdn.barbora.lv/products/bdb9298b-8785-4cd3-8d9c-4283c66d7991_s.png",
    "available": true,
    "discount": null
  },
  {
    "shop": "MAXIMA",
    "categories": [
      1,
      1002,
      10010021
    ],
    "productName": "Gāz.dz.MEŽEZERS laima-pip.-citr. 0,5L D",
    "productPriceOld": null,
    "productPrice": {
      "value": 2.19,
      "unit": "€"
    },
    "productPricePerUnit": {
      "value": 4.38,
      "unit": "€/l"
    },
    "productPriceWithLoyaltyCard": null,
    "productPricePerUnitWithLoyaltyCard": null,
    "imageUrl": "https://cdn.barbora.lv/products/e529b1e4-e356-46c4-b4a8-23f2d6871fba_s.png",
    "available": true,
    "discount": null
  },
  {
    "shop": "MAXIMA",
    "categories": [
      2,
      2001,
      2001002
    ],
    "productName": "Baltmaize FAZER GARDĀ 400g",
    "productPriceOld": null,
    "productPrice": {
      "value": 1.75,
      "unit": "€"
    },
    "productPricePerUnit": {
      "value": 4.38,
      "unit": "€/kg"
    },
    "productPriceWithLoyaltyCard": null,
    "productPricePerUnitWithLoyaltyCard": null,
    "imageUrl": "https://cdn.barbora.lv/products/6f964b40-5cde-497b-8117-59644aa62cb7_s.png",
    "available": true,
    "discount": null
  },
  {
    "shop": "CITRO",
    "categories": [
      1,
      1001,
      1001001
    ],
    "productName": "ALUS MEŽPILS MĀKONIS 5.0% 0.5L STIKLS",
    "productPriceOld": null,
    "productPrice": null,
    "productPricePerUnit": {
      "value": 4.38,
      "unit": "€/L"
    },
    "productPriceWithLoyaltyCard": null,
    "productPricePerUnitWithLoyaltyCard": null,
    "imageUrl": "https://rezekne.citro.lv/wp-content/uploads/2024/06/4750049004175-300x300.jpg",
    "available": true,
    "discount": null
  },
  {
    "shop": "CITRO",
    "categories": [
      1,
      1001,
      1001001
    ],
    "productName": "ALUS MEDALUS DZĒRVEŅU ĀBOLU IĻĢUCIEMA 5.5% 0.5L STIKLS",
    "productPriceOld": null,
    "productPrice": null,
    "productPricePerUnit": {
      "value": 4.38,
      "unit": "€/L"
    },
    "productPriceWithLoyaltyCard": null,
    "productPricePerUnitWithLoyaltyCard": null,
    "imageUrl": "https://rezekne.citro.lv/wp-content/uploads/2022/08/4750239005074-300x300.jpg",
    "available": true,
    "discount": null
  },
  {
    "shop": "MAXIMA",
    "categories": [
      1,
      1001,
      1001002
    ],
    "productName": "Sidrs ABAVAS Ziemeļu ābols 6% 0,33L D",
    "productPriceOld": {
      "value": 2.19,
      "unit": "€"
    },
    "productPrice": {
      "value": 2.19,
      "unit": "€"
    },
    "productPricePerUnit": {
      "value": 6.64,
      "unit": "€/l"
    },
    "productPriceWithLoyaltyCard": {
      "value": 1.45,
      "unit": "€"
    },
    "productPricePerUnitWithLoyaltyCard": {
      "value": 4.4,
      "unit": "€/l"
    },
    "imageUrl": "https://cdn.barbora.lv/products/dac77445-41d1-44ce-889b-40e27ce3638e_s.png",
    "available": true,
    "discount": 34
  },
  {
    "shop": "MAXIMA",
    "categories": [
      1,
      1001,
      1001002
    ],
    "productName": "Sidrs ABAVAS Ziem.āb.greipfr.5% 0,33L D",
    "productPriceOld": {
      "value": 2.19,
      "unit": "€"
    },
    "productPrice": {
      "value": 2.19,
      "unit": "€"
    },
    "productPricePerUnit": {
      "value": 6.64,
      "unit": "€/l"
    },
    "productPriceWithLoyaltyCard": {
      "value": 1.45,
      "unit": "€"
    },
    "productPricePerUnitWithLoyaltyCard": {
      "value": 4.4,
      "unit": "€/l"
    },
    "imageUrl": "https://cdn.barbora.lv/products/fa7f66e7-5a59-4ff7-9b79-68608b1fca7f_s.png",
    "available": true,
    "discount": 34
  },
  {
    "shop": "RIMI",
    "categories": [
      2,
      2001,
      20010014
    ],
    "productName": "Maize Fazer tumšā kviešu 450g",
    "productPriceOld": null,
    "productPrice": {
      "value": 1.99,
      "unit": "€/gab"
    },
    "productPricePerUnit": {
      "value": 4.42,
      "unit": "€/kg"
    },
    "productPriceWithLoyaltyCard": null,
    "productPricePerUnitWithLoyaltyCard": null,
    "imageUrl": "https://rimibaltic-res.cloudinary.com/image/upload/d_ecommerce:backend-fallback.png/MAT_918888_PCE_LV",
    "available": true,
    "discount": null
  },
  {
    "shop": "MAXIMA",
    "categories": [
      1,
      1001,
      1001001
    ],
    "productName": "Alus MADONAS nefiltrēts 5,6% 0,5L D",
    "productPriceOld": null,
    "productPrice": {
      "value": 2.21,
      "unit": "€"
    },
    "productPricePerUnit": {
      "value": 4.42,
      "unit": "€/l"
    },
    "productPriceWithLoyaltyCard": null,
    "productPricePerUnitWithLoyaltyCard": null,
    "imageUrl": "https://cdn.barbora.lv/products/7de27e1e-bc99-4128-bc09-4ffc5f7b06d6_s.png",
    "available": true,
    "discount": null
  },
  {
    "shop": "MAXIMA",
    "categories": [
      1,
      1001,
      1001001
    ],
    "productName": "Alus GRIMBERGEN Blonde 6,7% 0,5L sk.D",
    "productPriceOld": null,
    "productPrice": {
      "value": 2.21,
      "unit": "€"
    },
    "productPricePerUnit": {
      "value": 4.42,
      "unit": "€/l"
    },
    "productPriceWithLoyaltyCard": null,
    "productPricePerUnitWithLoyaltyCard": null,
    "imageUrl": "https://cdn.barbora.lv/products/4b3997da-77ab-435a-b499-ae6035d23a8b_s.png",
    "available": true,
    "discount": null
  },
  {
    "shop": "MAXIMA",
    "categories": [
      2,
      2001,
      2001003
    ],
    "productName": "Tostermaize FAZER ierauga 450g",
    "productPriceOld": null,
    "productPrice": {
      "value": 1.99,
      "unit": "€"
    },
    "productPricePerUnit": {
      "value": 4.42,
      "unit": "€/kg"
    },
    "productPriceWithLoyaltyCard": null,
    "productPricePerUnitWithLoyaltyCard": null,
    "imageUrl": "https://cdn.barbora.lv/products/aa6da945-305e-4f00-964e-5f5bd3bd3393_s.png",
    "available": true,
    "discount": null
  },
  {
    "shop": "MAXIMA",
    "categories": [
      2,
      2001,
      2001003
    ],
    "productName": "Tostermaize Fazer Auzu vērtīgā 450g",
    "productPriceOld": null,
    "productPrice": {
      "value": 1.99,
      "unit": "€"
    },
    "productPricePerUnit": {
      "value": 4.42,
      "unit": "€/kg"
    },
    "productPriceWithLoyaltyCard": null,
    "productPricePerUnitWithLoyaltyCard": null,
    "imageUrl": "https://cdn.barbora.lv/products/44f44a35-e85d-48b3-b63a-ee1c7d86576e_s.png",
    "available": true,
    "discount": null
  },
  {
    "shop": "MAXIMA",
    "categories": [
      2,
      2001,
      2001003
    ],
    "productName": "Tostermaize FAZER kefīra vērtīgā 450g",
    "productPriceOld": null,
    "productPrice": {
      "value": 1.99,
      "unit": "€"
    },
    "productPricePerUnit": {
      "value": 4.42,
      "unit": "€/kg"
    },
    "productPriceWithLoyaltyCard": null,
    "productPricePerUnitWithLoyaltyCard": null,
    "imageUrl": "https://cdn.barbora.lv/products/781e3220-4b66-4896-973e-292565304fc5_s.png",
    "available": true,
    "discount": null
  },
  {
    "shop": "MAXIMA",
    "categories": [
      2,
      2001,
      20010014
    ],
    "productName": "Tumšā kviešu maize FAZER 450g",
    "productPriceOld": null,
    "productPrice": {
      "value": 1.99,
      "unit": "€"
    },
    "productPricePerUnit": {
      "value": 4.42,
      "unit": "€/kg"
    },
    "productPriceWithLoyaltyCard": null,
    "productPricePerUnitWithLoyaltyCard": null,
    "imageUrl": "https://cdn.barbora.lv/products/c6830fe5-f324-4eba-a9e0-f8ffe0507bc0_s.png",
    "available": true,
    "discount": null
  },
  {
    "shop": "MAXIMA",
    "categories": [
      2,
      2001,
      2001003
    ],
    "productName": "Tostermaize rudzu ierauga FAZER 450g",
    "productPriceOld": null,
    "productPrice": {
      "value": 1.99,
      "unit": "€"
    },
    "productPricePerUnit": {
      "value": 4.42,
      "unit": "€/kg"
    },
    "productPriceWithLoyaltyCard": null,
    "productPricePerUnitWithLoyaltyCard": null,
    "imageUrl": "https://cdn.barbora.lv/products/a9ef8f8f-2524-420d-aa3e-2346547038b9_s.png",
    "available": true,
    "discount": null
  },
  {
    "shop": "MAXIMA",
    "categories": [
      1,
      1001,
      1001001
    ],
    "productName": "Alus MEŽPILS tumšais 5,7% 0,5L D",
    "productPriceOld": null,
    "productPrice": {
      "value": 2.22,
      "unit": "€"
    },
    "productPricePerUnit": {
      "value": 4.44,
      "unit": "€/l"
    },
    "productPriceWithLoyaltyCard": null,
    "productPricePerUnitWithLoyaltyCard": null,
    "imageUrl": "https://cdn.barbora.lv/products/a05b2fa7-82b1-4238-b584-2e017ce97213_s.png",
    "available": true,
    "discount": null
  },
  {
    "shop": "RIMI",
    "categories": [
      2,
      2001,
      2001002
    ],
    "productName": "Baltmaize Fazer Gardā 200g",
    "productPriceOld": null,
    "productPrice": {
      "value": 0.89,
      "unit": "€/gab"
    },
    "productPricePerUnit": {
      "value": 4.45,
      "unit": "€/kg"
    },
    "productPriceWithLoyaltyCard": null,
    "productPricePerUnitWithLoyaltyCard": null,
    "imageUrl": "https://rimibaltic-res.cloudinary.com/image/upload/d_ecommerce:backend-fallback.png/MAT_903581_PCE_LV",
    "available": true,
    "discount": null
  },
  {
    "shop": "MAXIMA",
    "categories": [
      2,
      2001,
      2001005
    ],
    "productName": "Saldskābmaize Dzintara sagriezta 290g",
    "productPriceOld": null,
    "productPrice": {
      "value": 1.29,
      "unit": "€"
    },
    "productPricePerUnit": {
      "value": 4.45,
      "unit": "€/kg"
    },
    "productPriceWithLoyaltyCard": null,
    "productPricePerUnitWithLoyaltyCard": null,
    "imageUrl": "https://cdn.barbora.lv/products/cd74d601-3907-4a87-b072-830d9ed802eb_s.png",
    "available": true,
    "discount": null
  },
  {
    "shop": "MAXIMA",
    "categories": [
      2,
      2001,
      2001002
    ],
    "productName": "Baltmaize GARDĀ 1/2 200g",
    "productPriceOld": null,
    "productPrice": {
      "value": 0.89,
      "unit": "€"
    },
    "productPricePerUnit": {
      "value": 4.45,
      "unit": "€/kg"
    },
    "productPriceWithLoyaltyCard": null,
    "productPricePerUnitWithLoyaltyCard": null,
    "imageUrl": "https://cdn.barbora.lv/products/f8639021-6e23-43d7-a745-ec6cd37caaa1_s.png",
    "available": true,
    "discount": null
  },
  {
    "shop": "MAXIMA",
    "categories": [
      1,
      1001,
      1001001
    ],
    "productName": "Alus GRIMBERGEN Double 6,5% 0,5L sk.D",
    "productPriceOld": null,
    "productPrice": {
      "value": 2.23,
      "unit": "€"
    },
    "productPricePerUnit": {
      "value": 4.46,
      "unit": "€/l"
    },
    "productPriceWithLoyaltyCard": null,
    "productPricePerUnitWithLoyaltyCard": null,
    "imageUrl": "https://cdn.barbora.lv/products/1272f0a7-e87d-4fc0-9098-1fa162734b04_s.png",
    "available": true,
    "discount": null
  },
  {
    "shop": "MAXIMA",
    "categories": [
      2,
      2001,
      20010012
    ],
    "productName": "Maize Ciabatta tumšā 65g",
    "productPriceOld": null,
    "productPrice": {
      "value": 0.29,
      "unit": "€"
    },
    "productPricePerUnit": {
      "value": 4.46,
      "unit": "€/kg"
    },
    "productPriceWithLoyaltyCard": null,
    "productPricePerUnitWithLoyaltyCard": null,
    "imageUrl": "https://cdn.barbora.lv/products/6ca1b00d-74dd-4753-893b-c868229f0fd3_s.png",
    "available": true,
    "discount": null
  },
  {
    "shop": "MAXIMA",
    "categories": [
      2,
      2001,
      2001006
    ],
    "productName": "Rupjmaize Lielezers Alberts plaucēta 580g",
    "productPriceOld": null,
    "productPrice": {
      "value": 2.59,
      "unit": "€"
    },
    "productPricePerUnit": {
      "value": 4.47,
      "unit": "€/kg"
    },
    "productPriceWithLoyaltyCard": null,
    "productPricePerUnitWithLoyaltyCard": null,
    "imageUrl": "https://cdn.barbora.lv/products/e99981f4-353b-424e-a199-a345e8d2f086_s.png",
    "available": true,
    "discount": null
  },
  {
    "shop": "RIMI",
    "categories": [
      2,
      2001,
      2001006
    ],
    "productName": "Rupjmaize Kuldīgas sagriezta 600g",
    "productPriceOld": null,
    "productPrice": {
      "value": 2.69,
      "unit": "€/gab"
    },
    "productPricePerUnit": {
      "value": 4.48,
      "unit": "€/kg"
    },
    "productPriceWithLoyaltyCard": null,
    "productPricePerUnitWithLoyaltyCard": null,
    "imageUrl": "https://rimibaltic-res.cloudinary.com/image/upload/d_ecommerce:backend-fallback.png/MAT_292551_PCE_LV",
    "available": true,
    "discount": null
  },
  {
    "shop": "MAXIMA",
    "categories": [
      2,
      2001,
      2001005
    ],
    "productName": "Saldskābmaize ar saulespuķu sēklam LIEPKALNI 400g",
    "productPriceOld": null,
    "productPrice": {
      "value": 1.79,
      "unit": "€"
    },
    "productPricePerUnit": {
      "value": 4.48,
      "unit": "€/kg"
    },
    "productPriceWithLoyaltyCard": null,
    "productPricePerUnitWithLoyaltyCard": null,
    "imageUrl": "https://cdn.barbora.lv/products/46a8ad4a-077a-473c-a0b5-3b55269556dc_s.png",
    "available": true,
    "discount": null
  },
  {
    "shop": "RIMI",
    "categories": [
      1,
      1002,
      10010020
    ],
    "productName": "Sula Don Simon tropu augļu 1l",
    "productPriceOld": null,
    "productPrice": {
      "value": 4.49,
      "unit": "€/gab"
    },
    "productPricePerUnit": {
      "value": 4.49,
      "unit": "€/l"
    },
    "productPriceWithLoyaltyCard": null,
    "productPricePerUnitWithLoyaltyCard": null,
    "imageUrl": "https://rimibaltic-res.cloudinary.com/image/upload/d_ecommerce:backend-fallback.png/MAT_161166_PCE_LV",
    "available": true,
    "discount": null
  },
  {
    "shop": "MAXIMA",
    "categories": [
      1,
      1002,
      10010020
    ],
    "productName": "Sula DON SIMON PREMIUM apelsīnu 100% 1L",
    "productPriceOld": null,
    "productPrice": {
      "value": 4.49,
      "unit": "€"
    },
    "productPricePerUnit": {
      "value": 4.49,
      "unit": "€/l"
    },
    "productPriceWithLoyaltyCard": null,
    "productPricePerUnitWithLoyaltyCard": null,
    "imageUrl": "https://cdn.barbora.lv/products/d1d5a76a-3d22-4a1e-aba0-a1856dd590ae_s.png",
    "available": true,
    "discount": null
  },
  {
    "shop": "RIMI",
    "categories": [
      2,
      2001,
      2001008
    ],
    "productName": "Maize Latvijas graudu ar škiedrvielām 300g",
    "productPriceOld": null,
    "productPrice": {
      "value": 1.35,
      "unit": "€/gab"
    },
    "productPricePerUnit": {
      "value": 4.5,
      "unit": "€/kg"
    },
    "productPriceWithLoyaltyCard": null,
    "productPricePerUnitWithLoyaltyCard": null,
    "imageUrl": "https://rimibaltic-res.cloudinary.com/image/upload/d_ecommerce:backend-fallback.png/MAT_952316_PCE_LV",
    "available": true,
    "discount": null
  },
  {
    "shop": "RIMI",
    "categories": [
      1,
      1001,
      1001001
    ],
    "productName": "Alus Mežpils tumšais 5,7% 0,5l",
    "productPriceOld": null,
    "productPrice": {
      "value": 2.25,
      "unit": "€/gab"
    },
    "productPricePerUnit": {
      "value": 4.5,
      "unit": "€/l"
    },
    "productPriceWithLoyaltyCard": null,
    "productPricePerUnitWithLoyaltyCard": null,
    "imageUrl": "https://rimibaltic-res.cloudinary.com/image/upload/d_ecommerce:backend-fallback.png/MAT_1357580_PCE_LV",
    "available": true,
    "discount": null
  },
  {
    "shop": "MAXIMA",
    "categories": [
      1,
      1002,
      10010020
    ],
    "productName": "Sula WELL DONE tomātu 300ml D",
    "productPriceOld": null,
    "productPrice": {
      "value": 1.35,
      "unit": "€"
    },
    "productPricePerUnit": {
      "value": 4.5,
      "unit": "€/l"
    },
    "productPriceWithLoyaltyCard": null,
    "productPricePerUnitWithLoyaltyCard": null,
    "imageUrl": "https://cdn.barbora.lv/products/2647edf1-c0d4-4003-aa13-d3e3aae96cec_s.png",
    "available": true,
    "discount": null
  },
  {
    "shop": "MAXIMA",
    "categories": [
      1,
      1001,
      1001002
    ],
    "productName": "Sidrs REKORDELIG zem. laima 4,5% 0,33L D",
    "productPriceOld": {
      "value": 2.33,
      "unit": "€"
    },
    "productPrice": {
      "value": 2.33,
      "unit": "€"
    },
    "productPricePerUnit": {
      "value": 7.06,
      "unit": "€/l"
    },
    "productPriceWithLoyaltyCard": {
      "value": 1.49,
      "unit": "€"
    },
    "productPricePerUnitWithLoyaltyCard": {
      "value": 4.51,
      "unit": "€/l"
    },
    "imageUrl": "https://cdn.barbora.lv/products/04450e56-1056-440c-83a9-82c59e90b7b1_s.png",
    "available": true,
    "discount": 36
  },
  {
    "shop": "MAXIMA",
    "categories": [
      1,
      1001,
      1001002
    ],
    "productName": "Sidrs REKORDELIG mango aveņu 4,5%0,33L D",
    "productPriceOld": {
      "value": 2.33,
      "unit": "€"
    },
    "productPrice": {
      "value": 2.33,
      "unit": "€"
    },
    "productPricePerUnit": {
      "value": 7.06,
      "unit": "€/l"
    },
    "productPriceWithLoyaltyCard": {
      "value": 1.49,
      "unit": "€"
    },
    "productPricePerUnitWithLoyaltyCard": {
      "value": 4.51,
      "unit": "€/l"
    },
    "imageUrl": "https://cdn.barbora.lv/products/15799838-7bb7-4d6e-8328-fd5774c0bcce_s.png",
    "available": true,
    "discount": 36
  },
  {
    "shop": "MAXIMA",
    "categories": [
      1,
      1001,
      1001002
    ],
    "productName": "Sidrs REKORDELIG pasifloras 4,5% 0,33L D",
    "productPriceOld": {
      "value": 2.33,
      "unit": "€"
    },
    "productPrice": {
      "value": 2.33,
      "unit": "€"
    },
    "productPricePerUnit": {
      "value": 7.06,
      "unit": "€/l"
    },
    "productPriceWithLoyaltyCard": {
      "value": 1.49,
      "unit": "€"
    },
    "productPricePerUnitWithLoyaltyCard": {
      "value": 4.51,
      "unit": "€/l"
    },
    "imageUrl": "https://cdn.barbora.lv/products/3bc05f7d-6820-4e3f-9973-06c535a08105_s.png",
    "available": true,
    "discount": 36
  },
  {
    "shop": "MAXIMA",
    "categories": [
      1,
      1001,
      1001002
    ],
    "productName": "Sidrs REKORDELIG arbūzu citr.4,5%0,33L D",
    "productPriceOld": {
      "value": 2.33,
      "unit": "€"
    },
    "productPrice": {
      "value": 2.33,
      "unit": "€"
    },
    "productPricePerUnit": {
      "value": 7.06,
      "unit": "€/l"
    },
    "productPriceWithLoyaltyCard": {
      "value": 1.49,
      "unit": "€"
    },
    "productPricePerUnitWithLoyaltyCard": {
      "value": 4.51,
      "unit": "€/l"
    },
    "imageUrl": "https://cdn.barbora.lv/products/84ee6792-bf4c-40c7-8727-8eb03eed03e9_s.png",
    "available": true,
    "discount": 36
  },
  {
    "shop": "MAXIMA",
    "categories": [
      1,
      1001,
      1001002
    ],
    "productName": "Sidrs REKORDELIG meža ogu 4,5% 0,33L D",
    "productPriceOld": {
      "value": 2.33,
      "unit": "€"
    },
    "productPrice": {
      "value": 2.33,
      "unit": "€"
    },
    "productPricePerUnit": {
      "value": 7.06,
      "unit": "€/l"
    },
    "productPriceWithLoyaltyCard": {
      "value": 1.49,
      "unit": "€"
    },
    "productPricePerUnitWithLoyaltyCard": {
      "value": 4.51,
      "unit": "€/l"
    },
    "imageUrl": "https://cdn.barbora.lv/products/243ccdf6-4c6e-44d2-9c1b-c73f81d6be56_s.png",
    "available": true,
    "discount": 36
  },
  {
    "shop": "RIMI",
    "categories": [
      1,
      1002,
      10010021
    ],
    "productName": "Limonāde Sanpellegrino Aranciata Rossa 0,33l",
    "productPriceOld": null,
    "productPrice": {
      "value": 1.49,
      "unit": "€/gab"
    },
    "productPricePerUnit": {
      "value": 4.52,
      "unit": "€/l"
    },
    "productPriceWithLoyaltyCard": null,
    "productPricePerUnitWithLoyaltyCard": null,
    "imageUrl": "https://rimibaltic-res.cloudinary.com/image/upload/d_ecommerce:backend-fallback.png/MAT_1359585_PCE_LV",
    "available": true,
    "discount": null
  },
  {
    "shop": "RIMI",
    "categories": [
      1,
      1002,
      10010024
    ],
    "productName": "Minerālūdens Perrier dabīgs 330ml",
    "productPriceOld": null,
    "productPrice": {
      "value": 1.49,
      "unit": "€/gab"
    },
    "productPricePerUnit": {
      "value": 4.52,
      "unit": "€/l"
    },
    "productPriceWithLoyaltyCard": null,
    "productPricePerUnitWithLoyaltyCard": null,
    "imageUrl": "https://rimibaltic-res.cloudinary.com/image/upload/d_ecommerce:backend-fallback.png/MAT_1350946_PCE_LV",
    "available": true,
    "discount": null
  },
  {
    "shop": "RIMI",
    "categories": [
      1,
      1002,
      10010026
    ],
    "productName": "Dzēriens Kokmuižas tējas Mate 0,33l",
    "productPriceOld": null,
    "productPrice": {
      "value": 1.89,
      "unit": "€/gab"
    },
    "productPricePerUnit": {
      "value": 5.73,
      "unit": "€/l"
    },
    "productPriceWithLoyaltyCard": {
      "value": 1.49,
      "unit": "€"
    },
    "productPricePerUnitWithLoyaltyCard": {
      "value": 4.52,
      "unit": "€/l"
    },
    "imageUrl": "https://rimibaltic-res.cloudinary.com/image/upload/d_ecommerce:backend-fallback.png/MAT_1364270_PCE_LV",
    "available": true,
    "discount": 21
  },
  {
    "shop": "RIMI",
    "categories": [
      1,
      1002,
      10010021
    ],
    "productName": "Limonāde S.Pellegrino Melograno-Arancia 0,33l",
    "productPriceOld": null,
    "productPrice": {
      "value": 1.49,
      "unit": "€/gab"
    },
    "productPricePerUnit": {
      "value": 4.52,
      "unit": "€/l"
    },
    "productPriceWithLoyaltyCard": null,
    "productPricePerUnitWithLoyaltyCard": null,
    "imageUrl": "https://rimibaltic-res.cloudinary.com/image/upload/d_ecommerce:backend-fallback.png/MAT_1366302_PCE_LV",
    "available": true,
    "discount": null
  },
  {
    "shop": "RIMI",
    "categories": [
      1,
      1002,
      10010021
    ],
    "productName": "Limonāde Sanpellegrino Aranciata 0,33l",
    "productPriceOld": null,
    "productPrice": {
      "value": 1.49,
      "unit": "€/gab"
    },
    "productPricePerUnit": {
      "value": 4.52,
      "unit": "€/l"
    },
    "productPriceWithLoyaltyCard": null,
    "productPricePerUnitWithLoyaltyCard": null,
    "imageUrl": "https://rimibaltic-res.cloudinary.com/image/upload/d_ecommerce:backend-fallback.png/MAT_1359586_PCE_LV",
    "available": true,
    "discount": null
  },
  {
    "shop": "RIMI",
    "categories": [
      1,
      1003,
      1003001
    ],
    "productName": "Alus Kokmuiža Brīze bezalkohol. greipf. 0,33l",
    "productPriceOld": null,
    "productPrice": {
      "value": 1.99,
      "unit": "€/gab"
    },
    "productPricePerUnit": {
      "value": 6.03,
      "unit": "€/l"
    },
    "productPriceWithLoyaltyCard": {
      "value": 1.49,
      "unit": "€"
    },
    "productPricePerUnitWithLoyaltyCard": {
      "value": 4.52,
      "unit": "€/l"
    },
    "imageUrl": "https://rimibaltic-res.cloudinary.com/image/upload/d_ecommerce:backend-fallback.png/MAT_1371426_PCE_LV",
    "available": true,
    "discount": 25
  },
  {
    "shop": "RIMI",
    "categories": [
      1,
      1002,
      10010021
    ],
    "productName": "Gāzēts dzēriens Mežezers mohito 0,75L",
    "productPriceOld": null,
    "productPrice": {
      "value": 3.39,
      "unit": "€/gab"
    },
    "productPricePerUnit": {
      "value": 4.52,
      "unit": "€/l"
    },
    "productPriceWithLoyaltyCard": null,
    "productPricePerUnitWithLoyaltyCard": null,
    "imageUrl": "https://rimibaltic-res.cloudinary.com/image/upload/d_ecommerce:backend-fallback.png/MAT_1371990_PCE_LV",
    "available": true,
    "discount": null
  },
  {
    "shop": "RIMI",
    "categories": [
      1,
      1002,
      10010021
    ],
    "productName": "Limonāde San Pelegrino Limonata 0,33l",
    "productPriceOld": null,
    "productPrice": {
      "value": 1.49,
      "unit": "€/gab"
    },
    "productPricePerUnit": {
      "value": 4.52,
      "unit": "€/l"
    },
    "productPriceWithLoyaltyCard": null,
    "productPricePerUnitWithLoyaltyCard": null,
    "imageUrl": "https://rimibaltic-res.cloudinary.com/image/upload/d_ecommerce:backend-fallback.png/MAT_1371007_PCE_LV",
    "available": true,
    "discount": null
  },
  {
    "shop": "RIMI",
    "categories": [
      1,
      1003,
      1003001
    ],
    "productName": "Alus Clausthaler Lemon bezalkoholiskais 0,33l",
    "productPriceOld": null,
    "productPrice": {
      "value": 1.49,
      "unit": "€/gab"
    },
    "productPricePerUnit": {
      "value": 4.52,
      "unit": "€/l"
    },
    "productPriceWithLoyaltyCard": null,
    "productPricePerUnitWithLoyaltyCard": null,
    "imageUrl": "https://rimibaltic-res.cloudinary.com/image/upload/d_ecommerce:backend-fallback.png/MAT_1373182_PCE_LV",
    "available": true,
    "discount": null
  },
  {
    "shop": "RIMI",
    "categories": [
      1,
      1003,
      1003001
    ],
    "productName": "Alus Clausthaler Grapefruit bezalko. 0,33l",
    "productPriceOld": null,
    "productPrice": {
      "value": 1.49,
      "unit": "€/gab"
    },
    "productPricePerUnit": {
      "value": 4.52,
      "unit": "€/l"
    },
    "productPriceWithLoyaltyCard": null,
    "productPricePerUnitWithLoyaltyCard": null,
    "imageUrl": "https://rimibaltic-res.cloudinary.com/image/upload/d_ecommerce:backend-fallback.png/MAT_1373157_PCE_LV",
    "available": true,
    "discount": null
  },
  {
    "shop": "RIMI",
    "categories": [
      1,
      1002,
      10010021
    ],
    "productName": "Gāz. dz. Coca Cola ar ķiršu garšu 330ml",
    "productPriceOld": null,
    "productPrice": {
      "value": 1.49,
      "unit": "€/gab"
    },
    "productPricePerUnit": {
      "value": 4.52,
      "unit": "€/l"
    },
    "productPriceWithLoyaltyCard": null,
    "productPricePerUnitWithLoyaltyCard": null,
    "imageUrl": "https://rimibaltic-res.cloudinary.com/image/upload/d_ecommerce:backend-fallback.png/MAT_1374487_PCE_LV",
    "available": true,
    "discount": null
  },
  {
    "shop": "RIMI",
    "categories": [
      1,
      1003,
      1003001
    ],
    "productName": "Alus Kokmuiža Dubultspēle APA b/a 0,33l",
    "productPriceOld": null,
    "productPrice": {
      "value": 1.69,
      "unit": "€/gab"
    },
    "productPricePerUnit": {
      "value": 5.12,
      "unit": "€/l"
    },
    "productPriceWithLoyaltyCard": {
      "value": 1.49,
      "unit": "€"
    },
    "productPricePerUnitWithLoyaltyCard": {
      "value": 4.52,
      "unit": "€/l"
    },
    "imageUrl": "https://rimibaltic-res.cloudinary.com/image/upload/d_ecommerce:backend-fallback.png/MAT_1367416_PCE_LV",
    "available": true,
    "discount": 12
  },
  {
    "shop": "RIMI",
    "categories": [
      1,
      1003,
      1003001
    ],
    "productName": "Alus Kokmuižas Duka bezalkoholisks 0,33l",
    "productPriceOld": null,
    "productPrice": {
      "value": 1.89,
      "unit": "€/gab"
    },
    "productPricePerUnit": {
      "value": 5.73,
      "unit": "€/l"
    },
    "productPriceWithLoyaltyCard": {
      "value": 1.49,
      "unit": "€"
    },
    "productPricePerUnitWithLoyaltyCard": {
      "value": 4.52,
      "unit": "€/l"
    },
    "imageUrl": "https://rimibaltic-res.cloudinary.com/image/upload/d_ecommerce:backend-fallback.png/MAT_1374388_PCE_LV",
    "available": true,
    "discount": 21
  },
  {
    "shop": "RIMI",
    "categories": [
      1,
      1003,
      1003005
    ],
    "productName": "Bezalk. kokteilis Le Coq Mojito 0,33l",
    "productPriceOld": null,
    "productPrice": {
      "value": 1.49,
      "unit": "€/gab"
    },
    "productPricePerUnit": {
      "value": 4.52,
      "unit": "€/l"
    },
    "productPriceWithLoyaltyCard": null,
    "productPricePerUnitWithLoyaltyCard": null,
    "imageUrl": "https://rimibaltic-res.cloudinary.com/image/upload/d_ecommerce:backend-fallback.png/MAT_1368721_PCE_LV",
    "available": true,
    "discount": null
  },
  {
    "shop": "RIMI",
    "categories": [
      1,
      1002,
      10010021
    ],
    "productName": "Gāz.dz. Coca Cola ar vaniļas garšu 330ml",
    "productPriceOld": null,
    "productPrice": {
      "value": 1.49,
      "unit": "€/gab"
    },
    "productPricePerUnit": {
      "value": 4.52,
      "unit": "€/l"
    },
    "productPriceWithLoyaltyCard": null,
    "productPricePerUnitWithLoyaltyCard": null,
    "imageUrl": "https://rimibaltic-res.cloudinary.com/image/upload/d_ecommerce:backend-fallback.png/MAT_1374502_PCE_LV",
    "available": true,
    "discount": null
  },
  {
    "shop": "RIMI",
    "categories": [
      1,
      1001,
      1001002
    ],
    "productName": "Sidrs Rekorderlig Mango-Aveņu 4,5% 0,33l",
    "productPriceOld": null,
    "productPrice": {
      "value": 1.49,
      "unit": "€/gab"
    },
    "productPricePerUnit": {
      "value": 4.52,
      "unit": "€/l"
    },
    "productPriceWithLoyaltyCard": null,
    "productPricePerUnitWithLoyaltyCard": null,
    "imageUrl": "https://rimibaltic-res.cloudinary.com/image/upload/d_ecommerce:backend-fallback.png/MAT_1355282_PCE_LV",
    "available": true,
    "discount": null
  },
  {
    "shop": "RIMI",
    "categories": [
      1,
      1001,
      1001002
    ],
    "productName": "Sidrs Rekorderlig Strawberry-Lime 4,5% 0,33l",
    "productPriceOld": null,
    "productPrice": {
      "value": 1.49,
      "unit": "€/gab"
    },
    "productPricePerUnit": {
      "value": 4.52,
      "unit": "€/l"
    },
    "productPriceWithLoyaltyCard": null,
    "productPricePerUnitWithLoyaltyCard": null,
    "imageUrl": "https://rimibaltic-res.cloudinary.com/image/upload/d_ecommerce:backend-fallback.png/MAT_1374316_PCE_LV",
    "available": true,
    "discount": null
  },
  {
    "shop": "RIMI",
    "categories": [
      1,
      1001,
      1001002
    ],
    "productName": "Sidrs Rekorderlig Wild Berries 4,5% 0,33l",
    "productPriceOld": null,
    "productPrice": {
      "value": 1.49,
      "unit": "€/gab"
    },
    "productPricePerUnit": {
      "value": 4.52,
      "unit": "€/l"
    },
    "productPriceWithLoyaltyCard": null,
    "productPricePerUnitWithLoyaltyCard": null,
    "imageUrl": "https://rimibaltic-res.cloudinary.com/image/upload/d_ecommerce:backend-fallback.png/MAT_1374315_PCE_LV",
    "available": true,
    "discount": null
  },
  {
    "shop": "RIMI",
    "categories": [
      1,
      1001,
      1001001
    ],
    "productName": "Alus Blue Moon kviešu 5,4% 0,33l",
    "productPriceOld": null,
    "productPrice": {
      "value": 1.99,
      "unit": "€/gab"
    },
    "productPricePerUnit": {
      "value": 6.03,
      "unit": "€/l"
    },
    "productPriceWithLoyaltyCard": {
      "value": 1.49,
      "unit": "€"
    },
    "productPricePerUnitWithLoyaltyCard": {
      "value": 4.52,
      "unit": "€/l"
    },
    "imageUrl": "https://rimibaltic-res.cloudinary.com/image/upload/d_ecommerce:backend-fallback.png/MAT_1373144_PCE_LV",
    "available": true,
    "discount": 25
  },
  {
    "shop": "RIMI",
    "categories": [
      1,
      1001,
      1001001
    ],
    "productName": "Alus Blue Moon kviešu 5,4% 0,33l",
    "productPriceOld": null,
    "productPrice": {
      "value": 1.99,
      "unit": "€/gab"
    },
    "productPricePerUnit": {
      "value": 6.03,
      "unit": "€/l"
    },
    "productPriceWithLoyaltyCard": {
      "value": 1.49,
      "unit": "€"
    },
    "productPricePerUnitWithLoyaltyCard": {
      "value": 4.52,
      "unit": "€/l"
    },
    "imageUrl": "https://rimibaltic-res.cloudinary.com/image/upload/d_ecommerce:backend-fallback.png/MAT_1373144_PCE_LV",
    "available": true,
    "discount": 25
  },
  {
    "shop": "RIMI",
    "categories": [
      1,
      1001,
      1001002
    ],
    "productName": "Sidrs Rekorderlig Passionfruit 4,5% 0,33l",
    "productPriceOld": null,
    "productPrice": {
      "value": 1.49,
      "unit": "€/gab"
    },
    "productPricePerUnit": {
      "value": 4.52,
      "unit": "€/l"
    },
    "productPriceWithLoyaltyCard": null,
    "productPricePerUnitWithLoyaltyCard": null,
    "imageUrl": "https://rimibaltic-res.cloudinary.com/image/upload/d_ecommerce:backend-fallback.png/MAT_1371796_PCE_LV",
    "available": true,
    "discount": null
  },
  {
    "shop": "RIMI",
    "categories": [
      1,
      1001,
      1001001
    ],
    "productName": "Alus Kokmuižas Meksikānis 4,6% 0.33l",
    "productPriceOld": null,
    "productPrice": {
      "value": 1.79,
      "unit": "€/gab"
    },
    "productPricePerUnit": {
      "value": 5.42,
      "unit": "€/l"
    },
    "productPriceWithLoyaltyCard": {
      "value": 1.49,
      "unit": "€"
    },
    "productPricePerUnitWithLoyaltyCard": {
      "value": 4.52,
      "unit": "€/l"
    },
    "imageUrl": "https://rimibaltic-res.cloudinary.com/image/upload/d_ecommerce:backend-fallback.png/MAT_1374368_PCE_LV",
    "available": true,
    "discount": 17
  },
  {
    "shop": "RIMI",
    "categories": [
      1,
      1001,
      1001002
    ],
    "productName": "Sidrs Rekorderlig Watermelon Citrus 4,5%0,33l",
    "productPriceOld": null,
    "productPrice": {
      "value": 1.49,
      "unit": "€/gab"
    },
    "productPricePerUnit": {
      "value": 4.52,
      "unit": "€/l"
    },
    "productPriceWithLoyaltyCard": null,
    "productPricePerUnitWithLoyaltyCard": null,
    "imageUrl": "https://rimibaltic-res.cloudinary.com/image/upload/d_ecommerce:backend-fallback.png/MAT_1371797_PCE_LV",
    "available": true,
    "discount": null
  },
  {
    "shop": "MAXIMA",
    "categories": [
      1,
      1002,
      10010021
    ],
    "productName": "Gāz.dz.S.PELLEGR. ARANCIATA STD0,33L D",
    "productPriceOld": null,
    "productPrice": {
      "value": 1.49,
      "unit": "€"
    },
    "productPricePerUnit": {
      "value": 4.52,
      "unit": "€/l"
    },
    "productPriceWithLoyaltyCard": null,
    "productPricePerUnitWithLoyaltyCard": null,
    "imageUrl": "https://cdn.barbora.lv/products/ae36447c-e3c1-4f44-9f80-cf174879f6d1_s.png",
    "available": true,
    "discount": null
  },
  {
    "shop": "MAXIMA",
    "categories": [
      1,
      1002,
      10010021
    ],
    "productName": "Gāz.dz.SANPELLEGRINO Limonata 0,33L D",
    "productPriceOld": null,
    "productPrice": {
      "value": 1.49,
      "unit": "€"
    },
    "productPricePerUnit": {
      "value": 4.52,
      "unit": "€/l"
    },
    "productPriceWithLoyaltyCard": null,
    "productPricePerUnitWithLoyaltyCard": null,
    "imageUrl": "https://cdn.barbora.lv/products/324d417f-de6d-4f47-b8a2-7bf0d541228a_s.png",
    "available": true,
    "discount": null
  },
  {
    "shop": "MAXIMA",
    "categories": [
      1,
      1001,
      1001001
    ],
    "productName": "Alus TUCHER Helles Hef.5,2% 0,5L sk.D",
    "productPriceOld": null,
    "productPrice": {
      "value": 2.26,
      "unit": "€"
    },
    "productPricePerUnit": {
      "value": 4.52,
      "unit": "€/l"
    },
    "productPriceWithLoyaltyCard": null,
    "productPricePerUnitWithLoyaltyCard": null,
    "imageUrl": "https://cdn.barbora.lv/products/35e38a70-17df-48b9-866f-678b157d912f_s.png",
    "available": true,
    "discount": null
  },
  {
    "shop": "CITRO",
    "categories": [
      1,
      1001,
      1001001
    ],
    "productName": "ALUS ALDARIS TUBORG 4.6% 0.33L STIKLS",
    "productPriceOld": null,
    "productPrice": null,
    "productPricePerUnit": {
      "value": 4.52,
      "unit": "€/L"
    },
    "productPriceWithLoyaltyCard": null,
    "productPricePerUnitWithLoyaltyCard": null,
    "imageUrl": "https://rezekne.citro.lv/wp-content/uploads/2022/05/4750049002867-300x300.jpg",
    "available": true,
    "discount": null
  },
  {
    "shop": "CITRO",
    "categories": [
      1,
      1001,
      1001001
    ],
    "productName": "ALUS TUBORG ICE 4.2% 0.33L STIKLS",
    "productPriceOld": null,
    "productPrice": null,
    "productPricePerUnit": {
      "value": 4.52,
      "unit": "€/L"
    },
    "productPriceWithLoyaltyCard": null,
    "productPricePerUnitWithLoyaltyCard": null,
    "imageUrl": "https://rezekne.citro.lv/wp-content/uploads/2024/07/4740019002737-300x300.jpg",
    "available": true,
    "discount": null
  },
  {
    "shop": "CITRO",
    "categories": [
      1,
      1001,
      1001001
    ],
    "productName": "ALUS TUBORG LIME CUT 4.5% 0.33L STIKLS",
    "productPriceOld": null,
    "productPrice": null,
    "productPricePerUnit": {
      "value": 4.52,
      "unit": "€/L"
    },
    "productPriceWithLoyaltyCard": null,
    "productPricePerUnitWithLoyaltyCard": null,
    "imageUrl": "https://rezekne.citro.lv/wp-content/uploads/2023/04/4750049002850-300x300.jpg",
    "available": true,
    "discount": null
  },
  {
    "shop": "CITRO",
    "categories": [
      1,
      1001,
      1001002
    ],
    "productName": "SIDRS SOMERSBY APPLE 4.5% 0.33L PUD",
    "productPriceOld": null,
    "productPrice": null,
    "productPricePerUnit": {
      "value": 4.52,
      "unit": "€/L"
    },
    "productPriceWithLoyaltyCard": null,
    "productPricePerUnitWithLoyaltyCard": null,
    "imageUrl": "https://rezekne.citro.lv/wp-content/uploads/2023/07/4750049003130-300x300.jpg",
    "available": true,
    "discount": null
  },
  {
    "shop": "RIMI",
    "categories": [
      2,
      2001,
      20010014
    ],
    "productName": "Burkānmaize Lielezers 350g",
    "productPriceOld": null,
    "productPrice": {
      "value": 1.59,
      "unit": "€/gab"
    },
    "productPricePerUnit": {
      "value": 4.54,
      "unit": "€/kg"
    },
    "productPriceWithLoyaltyCard": null,
    "productPricePerUnitWithLoyaltyCard": null,
    "imageUrl": "https://rimibaltic-res.cloudinary.com/image/upload/d_ecommerce:backend-fallback.png/MAT_979322_PCE_LV",
    "available": true,
    "discount": null
  },
  {
    "shop": "MAXIMA",
    "categories": [
      1,
      1001,
      1001001
    ],
    "productName": "Alus MADONAS Medots 4,6% 0,5L D",
    "productPriceOld": null,
    "productPrice": {
      "value": 2.27,
      "unit": "€"
    },
    "productPricePerUnit": {
      "value": 4.54,
      "unit": "€/l"
    },
    "productPriceWithLoyaltyCard": null,
    "productPricePerUnitWithLoyaltyCard": null,
    "imageUrl": "https://cdn.barbora.lv/products/5b9db892-920b-4715-8633-de3968351884_s.png",
    "available": true,
    "discount": null
  },
  {
    "shop": "MAXIMA",
    "categories": [
      2,
      2001,
      2001002
    ],
    "productName": "Baltmaize ZELTENE DIENIŠĶĀ sagr. 350g",
    "productPriceOld": null,
    "productPrice": {
      "value": 1.59,
      "unit": "€"
    },
    "productPricePerUnit": {
      "value": 4.54,
      "unit": "€/kg"
    },
    "productPriceWithLoyaltyCard": null,
    "productPricePerUnitWithLoyaltyCard": null,
    "imageUrl": "https://cdn.barbora.lv/products/71e7ba8e-b97a-449e-bdac-24f684e3807f_s.png",
    "available": true,
    "discount": null
  },
  {
    "shop": "MAXIMA",
    "categories": [
      1,
      1001,
      1001001
    ],
    "productName": "Alus dz.DLIGHT Energy 2,9% 0,33L D",
    "productPriceOld": null,
    "productPrice": {
      "value": 1.5,
      "unit": "€"
    },
    "productPricePerUnit": {
      "value": 4.55,
      "unit": "€/l"
    },
    "productPriceWithLoyaltyCard": null,
    "productPricePerUnitWithLoyaltyCard": null,
    "imageUrl": "https://cdn.barbora.lv/products/2521fc7f-2aa1-4e45-a4d9-433ddab47bf9_s.png",
    "available": true,
    "discount": null
  },
  {
    "shop": "MAXIMA",
    "categories": [
      1,
      1001,
      1001001
    ],
    "productName": "Alus dz.DLIGHT Tequila Lime 2,9% 0,33L D",
    "productPriceOld": null,
    "productPrice": {
      "value": 1.5,
      "unit": "€"
    },
    "productPricePerUnit": {
      "value": 4.55,
      "unit": "€/l"
    },
    "productPriceWithLoyaltyCard": null,
    "productPricePerUnitWithLoyaltyCard": null,
    "imageUrl": "https://cdn.barbora.lv/products/550d735d-c582-47ae-b853-736cfa15511f_s.png",
    "available": true,
    "discount": null
  },
  {
    "shop": "RIMI",
    "categories": [
      2,
      2001,
      2001004
    ],
    "productName": "Rudzu maize Lāči Mājas 700g",
    "productPriceOld": null,
    "productPrice": {
      "value": 3.19,
      "unit": "€/gab"
    },
    "productPricePerUnit": {
      "value": 4.56,
      "unit": "€/kg"
    },
    "productPriceWithLoyaltyCard": null,
    "productPricePerUnitWithLoyaltyCard": null,
    "imageUrl": "https://rimibaltic-res.cloudinary.com/image/upload/d_ecommerce:backend-fallback.png/MAT_967466_PCE_LV",
    "available": true,
    "discount": null
  },
  {
    "shop": "RIMI",
    "categories": [
      2,
      2001,
      2001003
    ],
    "productName": "Tostermaize Toste sendviču sēklu 470g",
    "productPriceOld": null,
    "productPrice": {
      "value": 2.15,
      "unit": "€/gab"
    },
    "productPricePerUnit": {
      "value": 4.57,
      "unit": "€/kg"
    },
    "productPriceWithLoyaltyCard": null,
    "productPricePerUnitWithLoyaltyCard": null,
    "imageUrl": "https://rimibaltic-res.cloudinary.com/image/upload/d_ecommerce:backend-fallback.png/MAT_903391_PCE_LV",
    "available": true,
    "discount": null
  },
  {
    "shop": "RIMI",
    "categories": [
      1,
      1002,
      10010021
    ],
    "productName": "Limonāde Gardu Muti rabarberu zelteris 0,5l",
    "productPriceOld": null,
    "productPrice": {
      "value": 2.29,
      "unit": "€/gab"
    },
    "productPricePerUnit": {
      "value": 4.58,
      "unit": "€/l"
    },
    "productPriceWithLoyaltyCard": null,
    "productPricePerUnitWithLoyaltyCard": null,
    "imageUrl": "https://rimibaltic-res.cloudinary.com/image/upload/d_ecommerce:backend-fallback.png/MAT_1363696_PCE_LV",
    "available": true,
    "discount": null
  },
  {
    "shop": "RIMI",
    "categories": [
      1,
      1003,
      1003001
    ],
    "productName": "Bezalkoholiskais alus Užavas 0,5l",
    "productPriceOld": null,
    "productPrice": {
      "value": 2.29,
      "unit": "€/gab"
    },
    "productPricePerUnit": {
      "value": 4.58,
      "unit": "€/l"
    },
    "productPriceWithLoyaltyCard": null,
    "productPricePerUnitWithLoyaltyCard": null,
    "imageUrl": "https://rimibaltic-res.cloudinary.com/image/upload/d_ecommerce:backend-fallback.png/MAT_1372931_PCE_LV",
    "available": true,
    "discount": null
  },
  {
    "shop": "RIMI",
    "categories": [
      1,
      1001,
      1001001
    ],
    "productName": "Alus St. Pierre Brune 6,5% 0,5l",
    "productPriceOld": null,
    "productPrice": {
      "value": 2.29,
      "unit": "€/gab"
    },
    "productPricePerUnit": {
      "value": 4.58,
      "unit": "€/l"
    },
    "productPriceWithLoyaltyCard": null,
    "productPricePerUnitWithLoyaltyCard": null,
    "imageUrl": "https://rimibaltic-res.cloudinary.com/image/upload/d_ecommerce:backend-fallback.png/MAT_1374142_PCE_LV",
    "available": true,
    "discount": null
  },
  {
    "shop": "MAXIMA",
    "categories": [
      1,
      1002,
      10010021
    ],
    "productName": "Gāz.dz.GARDU MUTI Rab. zelteris 0,5L D",
    "productPriceOld": null,
    "productPrice": {
      "value": 2.29,
      "unit": "€"
    },
    "productPricePerUnit": {
      "value": 4.58,
      "unit": "€/l"
    },
    "productPriceWithLoyaltyCard": null,
    "productPricePerUnitWithLoyaltyCard": null,
    "imageUrl": "https://cdn.barbora.lv/products/700c26ee-ff04-4717-b7ff-d9394520e002_s.png",
    "available": true,
    "discount": null
  },
  {
    "shop": "MAXIMA",
    "categories": [
      1,
      1002,
      10010021
    ],
    "productName": "Gāzēts dzēriens GARDU MUTI BIO cidoniju 0,5L D",
    "productPriceOld": null,
    "productPrice": {
      "value": 2.29,
      "unit": "€"
    },
    "productPricePerUnit": {
      "value": 4.58,
      "unit": "€/l"
    },
    "productPriceWithLoyaltyCard": null,
    "productPricePerUnitWithLoyaltyCard": null,
    "imageUrl": "https://cdn.barbora.lv/products/266244f9-f5b0-42e2-9199-263425d199d4_s.png",
    "available": true,
    "discount": null
  },
  {
    "shop": "MAXIMA",
    "categories": [
      1,
      1002,
      10010021
    ],
    "productName": "Gāzēts dzēriens GARDU MUTI Jāņogu zelteris 0,5L D",
    "productPriceOld": null,
    "productPrice": {
      "value": 2.29,
      "unit": "€"
    },
    "productPricePerUnit": {
      "value": 4.58,
      "unit": "€/l"
    },
    "productPriceWithLoyaltyCard": null,
    "productPricePerUnitWithLoyaltyCard": null,
    "imageUrl": "https://cdn.barbora.lv/products/bc4c90b2-5106-4154-8665-6b258a103d3b_s.png",
    "available": true,
    "discount": null
  },
  {
    "shop": "MAXIMA",
    "categories": [
      1,
      1001,
      1001005
    ],
    "productName": "Alk.kokt. CĒSU G&Grapefruit 14% 0,5L D",
    "productPriceOld": {
      "value": 3.25,
      "unit": "€"
    },
    "productPrice": {
      "value": 3.25,
      "unit": "€"
    },
    "productPricePerUnit": {
      "value": 6.5,
      "unit": "€/l"
    },
    "productPriceWithLoyaltyCard": {
      "value": 2.29,
      "unit": "€"
    },
    "productPricePerUnitWithLoyaltyCard": {
      "value": 4.58,
      "unit": "€/l"
    },
    "imageUrl": "https://cdn.barbora.lv/products/b5693015-50f2-4d79-aa09-8c69fed22540_s.png",
    "available": true,
    "discount": 30
  },
  {
    "shop": "MAXIMA",
    "categories": [
      1,
      1001,
      1001005
    ],
    "productName": "Alk.kokt.CĒSU 14% Dzervenīte 0,5L D",
    "productPriceOld": {
      "value": 3.25,
      "unit": "€"
    },
    "productPrice": {
      "value": 3.25,
      "unit": "€"
    },
    "productPricePerUnit": {
      "value": 6.5,
      "unit": "€/l"
    },
    "productPriceWithLoyaltyCard": {
      "value": 2.29,
      "unit": "€"
    },
    "productPricePerUnitWithLoyaltyCard": {
      "value": 4.58,
      "unit": "€/l"
    },
    "imageUrl": "https://cdn.barbora.lv/products/cb5f430f-4da9-4274-a7b3-e146b270fa71_s.png",
    "available": true,
    "discount": 30
  },
  {
    "shop": "MAXIMA",
    "categories": [
      1,
      1001,
      1001005
    ],
    "productName": "Alk.kokt.CĒSU 14% Upenīte 0,5L PET D",
    "productPriceOld": {
      "value": 3.25,
      "unit": "€"
    },
    "productPrice": {
      "value": 3.25,
      "unit": "€"
    },
    "productPricePerUnit": {
      "value": 6.5,
      "unit": "€/l"
    },
    "productPriceWithLoyaltyCard": {
      "value": 2.29,
      "unit": "€"
    },
    "productPricePerUnitWithLoyaltyCard": {
      "value": 4.58,
      "unit": "€/l"
    },
    "imageUrl": "https://cdn.barbora.lv/products/84b6f6fd-2f6d-4518-87a1-822d9e3367c2_s.png",
    "available": true,
    "discount": 30
  },
  {
    "shop": "MAXIMA",
    "categories": [
      1,
      1001,
      1001005
    ],
    "productName": "Alk.kokt. CĒSU G&Lemon&Lime 14% 0,5L D",
    "productPriceOld": {
      "value": 3.5,
      "unit": "€"
    },
    "productPrice": {
      "value": 3.5,
      "unit": "€"
    },
    "productPricePerUnit": {
      "value": 7,
      "unit": "€/l"
    },
    "productPriceWithLoyaltyCard": {
      "value": 2.29,
      "unit": "€"
    },
    "productPricePerUnitWithLoyaltyCard": {
      "value": 4.58,
      "unit": "€/l"
    },
    "imageUrl": "https://cdn.barbora.lv/products/cfa402d3-d32a-4136-a766-40f8839080be_s.png",
    "available": true,
    "discount": 35
  },
  {
    "shop": "MAXIMA",
    "categories": [
      1,
      1001,
      1001005
    ],
    "productName": "Alkoholiskais kokteilis CĒSU 14% Pink Grapefruit 500ml D",
    "productPriceOld": {
      "value": 3.25,
      "unit": "€"
    },
    "productPrice": {
      "value": 3.25,
      "unit": "€"
    },
    "productPricePerUnit": {
      "value": 6.5,
      "unit": "€/l"
    },
    "productPriceWithLoyaltyCard": {
      "value": 2.29,
      "unit": "€"
    },
    "productPricePerUnitWithLoyaltyCard": {
      "value": 4.58,
      "unit": "€/l"
    },
    "imageUrl": "https://cdn.barbora.lv/products/989bada3-844a-40c5-bd6d-4f4a73df4fc9_s.png",
    "available": true,
    "discount": 30
  },
  {
    "shop": "MAXIMA",
    "categories": [
      1,
      1001,
      1001005
    ],
    "productName": "Alk.kokt.CĒSU 14% Ķirsītis 0,5L PET D",
    "productPriceOld": {
      "value": 3.25,
      "unit": "€"
    },
    "productPrice": {
      "value": 3.25,
      "unit": "€"
    },
    "productPricePerUnit": {
      "value": 6.5,
      "unit": "€/l"
    },
    "productPriceWithLoyaltyCard": {
      "value": 2.29,
      "unit": "€"
    },
    "productPricePerUnitWithLoyaltyCard": {
      "value": 4.58,
      "unit": "€/l"
    },
    "imageUrl": "https://cdn.barbora.lv/products/f5f14147-ab7d-4ad7-bfe3-17fe27d2ed77_s.png",
    "available": true,
    "discount": 30
  },
  {
    "shop": "RIMI",
    "categories": [
      1,
      1001,
      1001001
    ],
    "productName": "Alus tumšais Raiskumietis 5,6% 1l",
    "productPriceOld": null,
    "productPrice": {
      "value": 4.59,
      "unit": "€/gab"
    },
    "productPricePerUnit": {
      "value": 4.59,
      "unit": "€/l"
    },
    "productPriceWithLoyaltyCard": null,
    "productPricePerUnitWithLoyaltyCard": null,
    "imageUrl": "https://rimibaltic-res.cloudinary.com/image/upload/d_ecommerce:backend-fallback.png/MAT_1360303_PCE_LV",
    "available": true,
    "discount": null
  },
  {
    "shop": "MAXIMA",
    "categories": [
      1,
      1002,
      10010020
    ],
    "productName": "Sula GRANINI ābolu 100% 250ml D",
    "productPriceOld": null,
    "productPrice": {
      "value": 1.15,
      "unit": "€"
    },
    "productPricePerUnit": {
      "value": 4.6,
      "unit": "€/l"
    },
    "productPriceWithLoyaltyCard": null,
    "productPricePerUnitWithLoyaltyCard": null,
    "imageUrl": "https://cdn.barbora.lv/products/df9ed01a-86d9-42ab-bfe7-0c75e2398550_s.png",
    "available": true,
    "discount": null
  },
  {
    "shop": "CITRO",
    "categories": [
      2,
      2001,
      20010011
    ],
    "productName": "MAIZE MELNĀ GARDĀ AR SAULESPUĶU SĒKLĀM 280G",
    "productPriceOld": {
      "value": 1.59,
      "unit": "€"
    },
    "productPrice": {
      "value": 1.29,
      "unit": "€"
    },
    "productPricePerUnit": {
      "value": 4.61,
      "unit": "€/KG"
    },
    "productPriceWithLoyaltyCard": null,
    "productPricePerUnitWithLoyaltyCard": null,
    "imageUrl": "https://rezekne.citro.lv/wp-content/uploads/2020/05/4750212901621-300x300.jpg",
    "available": true,
    "discount": 19
  },
  {
    "shop": "MAXIMA",
    "categories": [
      1,
      1001,
      1001001
    ],
    "productName": "Alus MEŽPILS Ķemeru Vēsais 4,2% 0,5L D",
    "productPriceOld": null,
    "productPrice": {
      "value": 2.31,
      "unit": "€"
    },
    "productPricePerUnit": {
      "value": 4.62,
      "unit": "€/l"
    },
    "productPriceWithLoyaltyCard": null,
    "productPricePerUnitWithLoyaltyCard": null,
    "imageUrl": "https://cdn.barbora.lv/products/97c3063d-8e68-4b38-af44-1f0c1f560f5d_s.png",
    "available": true,
    "discount": null
  },
  {
    "shop": "MAXIMA",
    "categories": [
      1,
      1001,
      1001001
    ],
    "productName": "Alus MEŽPILS Mākonis 5,0% 0,5L D",
    "productPriceOld": null,
    "productPrice": {
      "value": 2.31,
      "unit": "€"
    },
    "productPricePerUnit": {
      "value": 4.62,
      "unit": "€/l"
    },
    "productPriceWithLoyaltyCard": null,
    "productPricePerUnitWithLoyaltyCard": null,
    "imageUrl": "https://cdn.barbora.lv/products/74a49840-6fcc-4593-ba4e-4c68d53dd028_s.png",
    "available": true,
    "discount": null
  },
  {
    "shop": "RIMI",
    "categories": [
      2,
      2001,
      2001002
    ],
    "productName": "Maize franču ar ķiploku pildījumu 160g",
    "productPriceOld": null,
    "productPrice": {
      "value": 0.74,
      "unit": "€/gab"
    },
    "productPricePerUnit": {
      "value": 4.63,
      "unit": "€/kg"
    },
    "productPriceWithLoyaltyCard": null,
    "productPricePerUnitWithLoyaltyCard": null,
    "imageUrl": "https://rimibaltic-res.cloudinary.com/image/upload/d_ecommerce:backend-fallback.png/MAT_926534_PCE_LV",
    "available": true,
    "discount": null
  },
  {
    "shop": "RIMI",
    "categories": [
      2,
      2001,
      20010015
    ],
    "productName": "Barankas Rimi vaniļas mīkstās 300g",
    "productPriceOld": {
      "value": 1.69,
      "unit": "€"
    },
    "productPrice": {
      "value": 1.39,
      "unit": "€/gab"
    },
    "productPricePerUnit": {
      "value": 4.63,
      "unit": "€/kg"
    },
    "productPriceWithLoyaltyCard": null,
    "productPricePerUnitWithLoyaltyCard": null,
    "imageUrl": "https://rimibaltic-res.cloudinary.com/image/upload/d_ecommerce:backend-fallback.png/MAT_804168_PCE_LV",
    "available": true,
    "discount": 18
  },
  {
    "shop": "RIMI",
    "categories": [
      2,
      2001,
      20010015
    ],
    "productName": "Sausiņi ar vanilīnu 300g",
    "productPriceOld": null,
    "productPrice": {
      "value": 1.39,
      "unit": "€/gab"
    },
    "productPricePerUnit": {
      "value": 4.63,
      "unit": "€/kg"
    },
    "productPriceWithLoyaltyCard": null,
    "productPricePerUnitWithLoyaltyCard": null,
    "imageUrl": "https://rimibaltic-res.cloudinary.com/image/upload/d_ecommerce:backend-fallback.png/MAT_900610_PCE_LV",
    "available": true,
    "discount": null
  },
  {
    "shop": "RIMI",
    "categories": [
      2,
      2001,
      2001006,
      2001001
    ],
    "productName": "Rupjmaize Īstenā pilngraudu ar dārzeņiem 430g",
    "productPriceOld": null,
    "productPrice": {
      "value": 1.99,
      "unit": "€/gab"
    },
    "productPricePerUnit": {
      "value": 4.63,
      "unit": "€/kg"
    },
    "productPriceWithLoyaltyCard": null,
    "productPricePerUnitWithLoyaltyCard": null,
    "imageUrl": "https://rimibaltic-res.cloudinary.com/image/upload/d_ecommerce:backend-fallback.png/MAT_997449_PCE_LV",
    "available": true,
    "discount": null
  },
  {
    "shop": "RIMI",
    "categories": [
      2,
      2001,
      20010012
    ],
    "productName": "Maize itāļu 300g",
    "productPriceOld": null,
    "productPrice": {
      "value": 1.39,
      "unit": "€/gab"
    },
    "productPricePerUnit": {
      "value": 4.63,
      "unit": "€/kg"
    },
    "productPriceWithLoyaltyCard": null,
    "productPricePerUnitWithLoyaltyCard": null,
    "imageUrl": "https://rimibaltic-res.cloudinary.com/image/upload/d_ecommerce:backend-fallback.png/MAT_262998_PCE_LV",
    "available": true,
    "discount": null
  },
  {
    "shop": "MAXIMA",
    "categories": [
      1,
      1001,
      1001005
    ],
    "productName": "Alk.kokt.MIX Origin.Gin&Mango 4% 0,33L D",
    "productPriceOld": null,
    "productPrice": {
      "value": 1.53,
      "unit": "€"
    },
    "productPricePerUnit": {
      "value": 4.64,
      "unit": "€/l"
    },
    "productPriceWithLoyaltyCard": null,
    "productPricePerUnitWithLoyaltyCard": null,
    "imageUrl": "https://cdn.barbora.lv/products/5d3bfa0a-3a09-4dbb-9559-9fecb88415dd_s.png",
    "available": true,
    "discount": null
  },
  {
    "shop": "MAXIMA",
    "categories": [
      1,
      1001,
      1001005
    ],
    "productName": "Alk.k.Mix Orig.Vodka&Watermel.4% 0,33L D",
    "productPriceOld": null,
    "productPrice": {
      "value": 1.53,
      "unit": "€"
    },
    "productPricePerUnit": {
      "value": 4.64,
      "unit": "€/l"
    },
    "productPriceWithLoyaltyCard": null,
    "productPricePerUnitWithLoyaltyCard": null,
    "imageUrl": "https://cdn.barbora.lv/products/4044dec9-2215-45eb-9ce3-c2bb7c7d8a5d_s.png",
    "available": true,
    "discount": null
  },
  {
    "shop": "RIMI",
    "categories": [
      2,
      2001,
      2001008
    ],
    "productName": "Maize melnā Latvijas graudu ar sēk. 340g",
    "productPriceOld": null,
    "productPrice": {
      "value": 1.59,
      "unit": "€/gab"
    },
    "productPricePerUnit": {
      "value": 4.68,
      "unit": "€/kg"
    },
    "productPriceWithLoyaltyCard": null,
    "productPricePerUnitWithLoyaltyCard": null,
    "imageUrl": "https://rimibaltic-res.cloudinary.com/image/upload/d_ecommerce:backend-fallback.png/MAT_952512_PCE_LV",
    "available": true,
    "discount": null
  },
  {
    "shop": "MAXIMA",
    "categories": [
      2,
      2001,
      2001008
    ],
    "productName": "Maize LATVIJAS graudu melnā ar sēkl.340g",
    "productPriceOld": null,
    "productPrice": {
      "value": 1.59,
      "unit": "€"
    },
    "productPricePerUnit": {
      "value": 4.68,
      "unit": "€/kg"
    },
    "productPriceWithLoyaltyCard": null,
    "productPricePerUnitWithLoyaltyCard": null,
    "imageUrl": "https://cdn.barbora.lv/products/046cf840-71a6-4c00-8583-849e028f139a_s.png",
    "available": true,
    "discount": null
  },
  {
    "shop": "RIMI",
    "categories": [
      1,
      1001,
      1001001
    ],
    "productName": "Alus dzēriens Dlight Lemon 2,9% 0,33l",
    "productPriceOld": null,
    "productPrice": {
      "value": 1.55,
      "unit": "€/gab"
    },
    "productPricePerUnit": {
      "value": 4.7,
      "unit": "€/l"
    },
    "productPriceWithLoyaltyCard": null,
    "productPricePerUnitWithLoyaltyCard": null,
    "imageUrl": "https://rimibaltic-res.cloudinary.com/image/upload/d_ecommerce:backend-fallback.png/MAT_1352185_PCE_LV",
    "available": true,
    "discount": null
  },
  {
    "shop": "RIMI",
    "categories": [
      1,
      1001,
      1001005
    ],
    "productName": "Alk. kokteilis Dlight Tequila Lime 2,9% 0,33l",
    "productPriceOld": null,
    "productPrice": {
      "value": 1.55,
      "unit": "€/gab"
    },
    "productPricePerUnit": {
      "value": 4.7,
      "unit": "€/l"
    },
    "productPriceWithLoyaltyCard": null,
    "productPricePerUnitWithLoyaltyCard": null,
    "imageUrl": "https://rimibaltic-res.cloudinary.com/image/upload/d_ecommerce:backend-fallback.png/MAT_1374463_PCE_LV",
    "available": true,
    "discount": null
  },
  {
    "shop": "MAXIMA",
    "categories": [
      1,
      1001,
      1001002
    ],
    "productName": "Sidrs SOMERSBY Bl.Lemon 4,5% 0,5L sk.D",
    "productPriceOld": null,
    "productPrice": {
      "value": 2.35,
      "unit": "€"
    },
    "productPricePerUnit": {
      "value": 4.7,
      "unit": "€/l"
    },
    "productPriceWithLoyaltyCard": null,
    "productPricePerUnitWithLoyaltyCard": null,
    "imageUrl": "https://cdn.barbora.lv/products/83b0b1e1-efdc-4e19-b889-87a775ce8954_s.png",
    "available": true,
    "discount": null
  },
  {
    "shop": "RIMI",
    "categories": [
      2,
      2001,
      2001002
    ],
    "productName": "Baltmaize Lāči īstā sagriezta 400g",
    "productPriceOld": null,
    "productPrice": {
      "value": 1.89,
      "unit": "€/gab"
    },
    "productPricePerUnit": {
      "value": 4.72,
      "unit": "€/kg"
    },
    "productPriceWithLoyaltyCard": null,
    "productPricePerUnitWithLoyaltyCard": null,
    "imageUrl": "https://rimibaltic-res.cloudinary.com/image/upload/d_ecommerce:backend-fallback.png/MAT_282633_PCE_LV",
    "available": true,
    "discount": null
  },
  {
    "shop": "MAXIMA",
    "categories": [
      1,
      1001,
      1001001
    ],
    "productName": "Alus MEDALUS dzērveņu-ābolu 5% 0,5L D",
    "productPriceOld": null,
    "productPrice": {
      "value": 2.37,
      "unit": "€"
    },
    "productPricePerUnit": {
      "value": 4.74,
      "unit": "€/l"
    },
    "productPriceWithLoyaltyCard": null,
    "productPricePerUnitWithLoyaltyCard": null,
    "imageUrl": "https://cdn.barbora.lv/products/ac398bb4-d23c-4cf9-a428-6d5de420ae29_s.png",
    "available": true,
    "discount": null
  },
  {
    "shop": "RIMI",
    "categories": [
      1,
      1002,
      10010020
    ],
    "productName": "Skābētu kāpostu sula 250ml",
    "productPriceOld": null,
    "productPrice": {
      "value": 1.19,
      "unit": "€/gab"
    },
    "productPricePerUnit": {
      "value": 4.76,
      "unit": "€/l"
    },
    "productPriceWithLoyaltyCard": null,
    "productPricePerUnitWithLoyaltyCard": null,
    "imageUrl": "https://rimibaltic-res.cloudinary.com/image/upload/d_ecommerce:backend-fallback.png/MAT_277275_PCE_LV",
    "available": true,
    "discount": null
  },
  {
    "shop": "RIMI",
    "categories": [
      1,
      1002,
      10010022
    ],
    "productName": "Enerģijas dzēr. Red Bull Spring Edition 0,25l",
    "productPriceOld": null,
    "productPrice": {
      "value": 1.75,
      "unit": "€/gab"
    },
    "productPricePerUnit": {
      "value": 7,
      "unit": "€/l"
    },
    "productPriceWithLoyaltyCard": {
      "value": 1.19,
      "unit": "€"
    },
    "productPricePerUnitWithLoyaltyCard": {
      "value": 4.76,
      "unit": "€/l"
    },
    "imageUrl": "https://rimibaltic-res.cloudinary.com/image/upload/d_ecommerce:backend-fallback.png/MAT_1375152_PCE_LV",
    "available": true,
    "discount": 32
  },
  {
    "shop": "RIMI",
    "categories": [
      1,
      1002,
      10010022
    ],
    "productName": "Enerģijas dzēriens Red Bull Sugar Free 0,25l",
    "productPriceOld": null,
    "productPrice": {
      "value": 1.69,
      "unit": "€/gab"
    },
    "productPricePerUnit": {
      "value": 6.76,
      "unit": "€/l"
    },
    "productPriceWithLoyaltyCard": {
      "value": 1.19,
      "unit": "€"
    },
    "productPricePerUnitWithLoyaltyCard": {
      "value": 4.76,
      "unit": "€/l"
    },
    "imageUrl": "https://rimibaltic-res.cloudinary.com/image/upload/d_ecommerce:backend-fallback.png/MAT_1350928_PCE_LV",
    "available": true,
    "discount": 30
  },
  {
    "shop": "RIMI",
    "categories": [
      1,
      1002,
      10010022
    ],
    "productName": "Enerģijas dzēriens Red Bull 0,25l",
    "productPriceOld": null,
    "productPrice": {
      "value": 1.69,
      "unit": "€/gab"
    },
    "productPricePerUnit": {
      "value": 6.76,
      "unit": "€/l"
    },
    "productPriceWithLoyaltyCard": {
      "value": 1.19,
      "unit": "€"
    },
    "productPricePerUnitWithLoyaltyCard": {
      "value": 4.76,
      "unit": "€/l"
    },
    "imageUrl": "https://rimibaltic-res.cloudinary.com/image/upload/d_ecommerce:backend-fallback.png/MAT_1350925_PCE_LV",
    "available": true,
    "discount": 30
  },
  {
    "shop": "RIMI",
    "categories": [
      1,
      1002,
      10010022
    ],
    "productName": "Enerģijas dzēriens Red Bull Watermelon 0,25l",
    "productPriceOld": null,
    "productPrice": {
      "value": 1.69,
      "unit": "€/gab"
    },
    "productPricePerUnit": {
      "value": 6.76,
      "unit": "€/l"
    },
    "productPriceWithLoyaltyCard": {
      "value": 1.19,
      "unit": "€"
    },
    "productPricePerUnitWithLoyaltyCard": {
      "value": 4.76,
      "unit": "€/l"
    },
    "imageUrl": "https://rimibaltic-res.cloudinary.com/image/upload/d_ecommerce:backend-fallback.png/MAT_1367244_PCE_LV",
    "available": true,
    "discount": 30
  },
  {
    "shop": "RIMI",
    "categories": [
      1,
      1002,
      10010022
    ],
    "productName": "Enerģ.dzēriens Red Bull Tropical 0,25l",
    "productPriceOld": null,
    "productPrice": {
      "value": 1.69,
      "unit": "€/gab"
    },
    "productPricePerUnit": {
      "value": 6.76,
      "unit": "€/l"
    },
    "productPriceWithLoyaltyCard": {
      "value": 1.19,
      "unit": "€"
    },
    "productPricePerUnitWithLoyaltyCard": {
      "value": 4.76,
      "unit": "€/l"
    },
    "imageUrl": "https://rimibaltic-res.cloudinary.com/image/upload/d_ecommerce:backend-fallback.png/MAT_1358209_PCE_LV",
    "available": true,
    "discount": 30
  },
  {
    "shop": "RIMI",
    "categories": [
      1,
      1002,
      10010022
    ],
    "productName": "Enerģ.dz. Red Bull Apricot Strawb. 0,25l",
    "productPriceOld": null,
    "productPrice": {
      "value": 1.69,
      "unit": "€/gab"
    },
    "productPricePerUnit": {
      "value": 6.76,
      "unit": "€/l"
    },
    "productPriceWithLoyaltyCard": {
      "value": 1.19,
      "unit": "€"
    },
    "productPricePerUnitWithLoyaltyCard": {
      "value": 4.76,
      "unit": "€/l"
    },
    "imageUrl": "https://rimibaltic-res.cloudinary.com/image/upload/d_ecommerce:backend-fallback.png/MAT_1370138_PCE_LV",
    "available": true,
    "discount": 30
  },
  {
    "shop": "RIMI",
    "categories": [
      1,
      1002,
      10010022
    ],
    "productName": "Enerģ. dzēriens Summer Cactus Edition 250ml",
    "productPriceOld": null,
    "productPrice": {
      "value": 1.69,
      "unit": "€/gab"
    },
    "productPricePerUnit": {
      "value": 6.76,
      "unit": "€/l"
    },
    "productPriceWithLoyaltyCard": {
      "value": 1.19,
      "unit": "€"
    },
    "productPricePerUnitWithLoyaltyCard": {
      "value": 4.76,
      "unit": "€/l"
    },
    "imageUrl": "https://rimibaltic-res.cloudinary.com/image/upload/d_ecommerce:backend-fallback.png/MAT_1368161_PCE_LV",
    "available": true,
    "discount": 30
  },
  {
    "shop": "RIMI",
    "categories": [
      1,
      1002,
      10010022
    ],
    "productName": "Enerģijas dzēr. Red Bull Blue Edition 0,25l",
    "productPriceOld": null,
    "productPrice": {
      "value": 1.69,
      "unit": "€/gab"
    },
    "productPricePerUnit": {
      "value": 6.76,
      "unit": "€/l"
    },
    "productPriceWithLoyaltyCard": {
      "value": 1.19,
      "unit": "€"
    },
    "productPricePerUnitWithLoyaltyCard": {
      "value": 4.76,
      "unit": "€/l"
    },
    "imageUrl": "https://rimibaltic-res.cloudinary.com/image/upload/d_ecommerce:backend-fallback.png/MAT_1369107_PCE_LV",
    "available": true,
    "discount": 30
  },
  {
    "shop": "RIMI",
    "categories": [
      1,
      1002,
      10010020
    ],
    "productName": "Sulas dzēriens Tymbark ķiršu un ābolu 250ml",
    "productPriceOld": null,
    "productPrice": {
      "value": 1.19,
      "unit": "€/gab"
    },
    "productPricePerUnit": {
      "value": 4.76,
      "unit": "€/l"
    },
    "productPriceWithLoyaltyCard": null,
    "productPricePerUnitWithLoyaltyCard": null,
    "imageUrl": "https://rimibaltic-res.cloudinary.com/image/upload/d_ecommerce:backend-fallback.png/MAT_147386_PCE_LV",
    "available": true,
    "discount": null
  },
  {
    "shop": "RIMI",
    "categories": [
      1,
      1002,
      10010020
    ],
    "productName": "Sulas dzēriens Tymbark apelsīnu persiku 0.25l",
    "productPriceOld": null,
    "productPrice": {
      "value": 1.19,
      "unit": "€/gab"
    },
    "productPricePerUnit": {
      "value": 4.76,
      "unit": "€/l"
    },
    "productPriceWithLoyaltyCard": null,
    "productPricePerUnitWithLoyaltyCard": null,
    "imageUrl": "https://rimibaltic-res.cloudinary.com/image/upload/d_ecommerce:backend-fallback.png/MAT_147385_PCE_LV",
    "available": true,
    "discount": null
  },
  {
    "shop": "MAXIMA",
    "categories": [
      1,
      1002,
      10010020
    ],
    "productName": "Sulas dzēr.TYMBARK ābolu-arbūzu 0,25L D",
    "productPriceOld": null,
    "productPrice": {
      "value": 1.19,
      "unit": "€"
    },
    "productPricePerUnit": {
      "value": 4.76,
      "unit": "€/l"
    },
    "productPriceWithLoyaltyCard": null,
    "productPricePerUnitWithLoyaltyCard": null,
    "imageUrl": "https://cdn.barbora.lv/products/d38605a6-53ca-407b-8e13-fd9ae5ddae77_s.png",
    "available": true,
    "discount": null
  },
  {
    "shop": "MAXIMA",
    "categories": [
      1,
      1002,
      10010020
    ],
    "productName": "Sulas dzēr.TYMBARK ķiršu-ābolu 0,25L D",
    "productPriceOld": null,
    "productPrice": {
      "value": 1.19,
      "unit": "€"
    },
    "productPricePerUnit": {
      "value": 4.76,
      "unit": "€/l"
    },
    "productPriceWithLoyaltyCard": null,
    "productPricePerUnitWithLoyaltyCard": null,
    "imageUrl": "https://cdn.barbora.lv/products/10b9adce-300f-4df3-87d8-3a7314968aa9_s.png",
    "available": true,
    "discount": null
  },
  {
    "shop": "MAXIMA",
    "categories": [
      1,
      1002,
      10010027
    ],
    "productName": "Dzēr.TYMBARK balto vīnogu un alv.0,25L D",
    "productPriceOld": null,
    "productPrice": {
      "value": 1.19,
      "unit": "€"
    },
    "productPricePerUnit": {
      "value": 4.76,
      "unit": "€/l"
    },
    "productPriceWithLoyaltyCard": null,
    "productPricePerUnitWithLoyaltyCard": null,
    "imageUrl": "https://cdn.barbora.lv/products/4e453855-3e4d-446a-bd3b-cf004d55427b_s.png",
    "available": true,
    "discount": null
  },
  {
    "shop": "MAXIMA",
    "categories": [
      1,
      1002,
      10010020
    ],
    "productName": "Sulas dz.TYMBARK apelsīnu-pers. 0,25L D",
    "productPriceOld": null,
    "productPrice": {
      "value": 1.19,
      "unit": "€"
    },
    "productPricePerUnit": {
      "value": 4.76,
      "unit": "€/l"
    },
    "productPriceWithLoyaltyCard": null,
    "productPricePerUnitWithLoyaltyCard": null,
    "imageUrl": "https://cdn.barbora.lv/products/ae2d0770-34ed-42cf-bb8e-c541b6fb0518_s.png",
    "available": true,
    "discount": null
  },
  {
    "shop": "MAXIMA",
    "productName": "Fazer DZĪVĀ šķiedrvielu maize 250g",
    "productPriceOld": null,
    "productPrice": {
      "value": 1.19,
      "unit": "€"
    },
    "productPricePerUnit": {
      "value": 4.76,
      "unit": "€/kg"
    },
    "productPriceWithLoyaltyCard": null,
    "productPricePerUnitWithLoyaltyCard": null,
    "imageUrl": "https://cdn.barbora.lv/products/adab8a3a-2ded-457b-85bf-914e85caa635_s.png",
    "available": true,
    "discount": null,
    "categories": [
      2,
      2001,
      2001002
    ]
  },
  {
    "shop": "RIMI",
    "categories": [
      1,
      1002,
      10010027
    ],
    "productName": "Sporta dzēriens Isostar ar apelsīnu gar. 0,5l",
    "productPriceOld": null,
    "productPrice": {
      "value": 2.39,
      "unit": "€/gab"
    },
    "productPricePerUnit": {
      "value": 4.78,
      "unit": "€/l"
    },
    "productPriceWithLoyaltyCard": null,
    "productPricePerUnitWithLoyaltyCard": null,
    "imageUrl": "https://rimibaltic-res.cloudinary.com/image/upload/d_ecommerce:backend-fallback.png/MAT_1355877_PCE_LV",
    "available": true,
    "discount": null
  },
  {
    "shop": "RIMI",
    "categories": [
      1,
      1002,
      10010026
    ],
    "productName": "Tējas dzēr. Kombucha Melissa Sun365 BIO 0,5l",
    "productPriceOld": null,
    "productPrice": {
      "value": 2.39,
      "unit": "€/gab"
    },
    "productPricePerUnit": {
      "value": 4.78,
      "unit": "€/l"
    },
    "productPriceWithLoyaltyCard": null,
    "productPricePerUnitWithLoyaltyCard": null,
    "imageUrl": "https://rimibaltic-res.cloudinary.com/image/upload/d_ecommerce:backend-fallback.png/MAT_1365370_PCE_LV",
    "available": true,
    "discount": null
  },
  {
    "shop": "RIMI",
    "categories": [
      1,
      1002,
      10010026
    ],
    "productName": "Dabīgi gāzēts tējas dz. Sun365 kombucha 0,5L",
    "productPriceOld": null,
    "productPrice": {
      "value": 2.39,
      "unit": "€/gab"
    },
    "productPricePerUnit": {
      "value": 4.78,
      "unit": "€/l"
    },
    "productPriceWithLoyaltyCard": null,
    "productPricePerUnitWithLoyaltyCard": null,
    "imageUrl": "https://rimibaltic-res.cloudinary.com/image/upload/d_ecommerce:backend-fallback.png/MAT_1370990_PCE_LV",
    "available": true,
    "discount": null
  },
  {
    "shop": "RIMI",
    "categories": [
      1,
      1002,
      10010026
    ],
    "productName": "Tējas dzēr. Kombucha Trad. Sun365 BIO 0,5l",
    "productPriceOld": null,
    "productPrice": {
      "value": 2.39,
      "unit": "€/gab"
    },
    "productPricePerUnit": {
      "value": 4.78,
      "unit": "€/l"
    },
    "productPriceWithLoyaltyCard": null,
    "productPricePerUnitWithLoyaltyCard": null,
    "imageUrl": "https://rimibaltic-res.cloudinary.com/image/upload/d_ecommerce:backend-fallback.png/MAT_1365360_PCE_LV",
    "available": true,
    "discount": null
  },
  {
    "shop": "CITRO",
    "productName": "GARDMAIZE SENČU MAIZE AR ĶIMENĒM 500G",
    "productPriceOld": null,
    "productPrice": null,
    "productPricePerUnit": {
      "value": 4.78,
      "unit": "€/KG"
    },
    "productPriceWithLoyaltyCard": null,
    "productPricePerUnitWithLoyaltyCard": null,
    "imageUrl": "https://rezekne.citro.lv/wp-content/uploads/2024/10/4750192733502.png",
    "available": true,
    "discount": null,
    "categories": [
      2,
      2001,
      20010014
    ]
  },
  {
    "shop": "CITRO",
    "categories": [
      2,
      2001,
      20010014
    ],
    "productName": "GARDMAIZE LIEPU MAIZE AR MEDU 500G",
    "productPriceOld": null,
    "productPrice": null,
    "productPricePerUnit": {
      "value": 4.78,
      "unit": "€/KG"
    },
    "productPriceWithLoyaltyCard": null,
    "productPricePerUnitWithLoyaltyCard": null,
    "imageUrl": "https://rezekne.citro.lv/wp-content/uploads/2024/10/4750192733496-300x300.jpg",
    "available": true,
    "discount": null
  },
  {
    "shop": "MAXIMA",
    "categories": [
      1,
      1001,
      1001003
    ],
    "productName": "Vīns BELLAVITE ROSSO TETRA 10,5% 1L",
    "productPriceOld": null,
    "productPrice": {
      "value": 4.79,
      "unit": "€"
    },
    "productPricePerUnit": {
      "value": 4.79,
      "unit": "€/l"
    },
    "productPriceWithLoyaltyCard": null,
    "productPricePerUnitWithLoyaltyCard": null,
    "imageUrl": "https://cdn.barbora.lv/products/8249dae6-d778-4b58-a8c2-dcf5f2aae4ce_s.png",
    "available": true,
    "discount": null
  },
  {
    "shop": "MAXIMA",
    "categories": [
      1,
      1001,
      1001003
    ],
    "productName": "Vīns BELLAVITE ROSATO TETRA 10,5% 1L",
    "productPriceOld": null,
    "productPrice": {
      "value": 4.79,
      "unit": "€"
    },
    "productPricePerUnit": {
      "value": 4.79,
      "unit": "€/l"
    },
    "productPriceWithLoyaltyCard": null,
    "productPricePerUnitWithLoyaltyCard": null,
    "imageUrl": "https://cdn.barbora.lv/products/a38049a0-3464-4b5c-a586-b40203e97a98_s.png",
    "available": true,
    "discount": null
  },
  {
    "shop": "RIMI",
    "categories": [
      2,
      2001,
      20010014
    ],
    "productName": "Burkānmaize Lāči no lielā kukuļa 310g",
    "productPriceOld": {
      "value": 1.79,
      "unit": "€"
    },
    "productPrice": {
      "value": 1.49,
      "unit": "€/gab"
    },
    "productPricePerUnit": {
      "value": 4.81,
      "unit": "€/kg"
    },
    "productPriceWithLoyaltyCard": null,
    "productPricePerUnitWithLoyaltyCard": null,
    "imageUrl": "https://rimibaltic-res.cloudinary.com/image/upload/d_ecommerce:backend-fallback.png/MAT_276540_PCE_LV",
    "available": true,
    "discount": 17
  },
  {
    "shop": "RIMI",
    "categories": [
      1,
      1001,
      1001001
    ],
    "productName": "Alus Valmiermuižas gaišais 5,2% 0,33l",
    "productPriceOld": null,
    "productPrice": {
      "value": 2.05,
      "unit": "€/gab"
    },
    "productPricePerUnit": {
      "value": 6.21,
      "unit": "€/l"
    },
    "productPriceWithLoyaltyCard": {
      "value": 1.59,
      "unit": "€"
    },
    "productPricePerUnitWithLoyaltyCard": {
      "value": 4.82,
      "unit": "€/l"
    },
    "imageUrl": "https://rimibaltic-res.cloudinary.com/image/upload/d_ecommerce:backend-fallback.png/MAT_1364752_PCE_LV",
    "available": true,
    "discount": 22
  },
  {
    "shop": "RIMI",
    "categories": [
      1,
      1001,
      1001001
    ],
    "productName": "Alus Salitos Tequila 5,9%, 0,33l",
    "productPriceOld": null,
    "productPrice": {
      "value": 1.59,
      "unit": "€/gab"
    },
    "productPricePerUnit": {
      "value": 4.82,
      "unit": "€/l"
    },
    "productPriceWithLoyaltyCard": null,
    "productPricePerUnitWithLoyaltyCard": null,
    "imageUrl": "https://rimibaltic-res.cloudinary.com/image/upload/d_ecommerce:backend-fallback.png/MAT_1350939_PCE_LV",
    "available": true,
    "discount": null
  },
  {
    "shop": "MAXIMA",
    "categories": [
      1,
      1003,
      1003001
    ],
    "productName": "Alus KRONENBOURG 1664 b/a 0% 330ml D",
    "productPriceOld": null,
    "productPrice": {
      "value": 1.59,
      "unit": "€"
    },
    "productPricePerUnit": {
      "value": 4.82,
      "unit": "€/l"
    },
    "productPriceWithLoyaltyCard": null,
    "productPricePerUnitWithLoyaltyCard": null,
    "imageUrl": "https://cdn.barbora.lv/products/5fb5679c-a6f6-4409-9a42-8afd6d386b9e_s.png",
    "available": true,
    "discount": null
  },
  {
    "shop": "MAXIMA",
    "categories": [
      1,
      1003,
      1003001
    ],
    "productName": "Bezalk.alus dzēr.BAVARIA Ginger 330ml D",
    "productPriceOld": null,
    "productPrice": {
      "value": 1.59,
      "unit": "€"
    },
    "productPricePerUnit": {
      "value": 4.82,
      "unit": "€/l"
    },
    "productPriceWithLoyaltyCard": null,
    "productPricePerUnitWithLoyaltyCard": null,
    "imageUrl": "https://cdn.barbora.lv/products/9af4e3e9-9a7b-4d3c-86e7-de9ef420985f_s.png",
    "available": true,
    "discount": null
  },
  {
    "shop": "MAXIMA",
    "categories": [
      1,
      1003,
      1003001
    ],
    "productName": "Bezalk.alus dz.BAVARIA FruityRose330ml D",
    "productPriceOld": null,
    "productPrice": {
      "value": 1.59,
      "unit": "€"
    },
    "productPricePerUnit": {
      "value": 4.82,
      "unit": "€/l"
    },
    "productPriceWithLoyaltyCard": null,
    "productPricePerUnitWithLoyaltyCard": null,
    "imageUrl": "https://cdn.barbora.lv/products/1ae4a701-133a-4e02-856c-88c9425a4a57_s.png",
    "available": true,
    "discount": null
  },
  {
    "shop": "MAXIMA",
    "categories": [
      1,
      1001,
      1001001
    ],
    "productName": "Alus VALMIERMUIŽA Pils 4,6% 0,5L D",
    "productPriceOld": null,
    "productPrice": {
      "value": 2.41,
      "unit": "€"
    },
    "productPricePerUnit": {
      "value": 4.82,
      "unit": "€/l"
    },
    "productPriceWithLoyaltyCard": null,
    "productPricePerUnitWithLoyaltyCard": null,
    "imageUrl": "https://cdn.barbora.lv/products/ccf11a96-7574-46ff-8aad-c9cb8a708516_s.png",
    "available": true,
    "discount": null
  },
  {
    "shop": "RIMI",
    "categories": [
      2,
      2001,
      2001002
    ],
    "productName": "Maize Grieķu jogurta 300g",
    "productPriceOld": null,
    "productPrice": {
      "value": 1.45,
      "unit": "€/gab"
    },
    "productPricePerUnit": {
      "value": 4.83,
      "unit": "€/kg"
    },
    "productPriceWithLoyaltyCard": null,
    "productPricePerUnitWithLoyaltyCard": null,
    "imageUrl": "https://rimibaltic-res.cloudinary.com/image/upload/d_ecommerce:backend-fallback.png/MAT_928816_PCE_LV",
    "available": true,
    "discount": null
  },
  {
    "shop": "MAXIMA",
    "categories": [
      1,
      1002,
      10010020
    ],
    "productName": "Sula KUBUŠ aveņ.āb.burk.bez cuk. 300ml D",
    "productPriceOld": null,
    "productPrice": {
      "value": 1.45,
      "unit": "€"
    },
    "productPricePerUnit": {
      "value": 4.83,
      "unit": "€/l"
    },
    "productPriceWithLoyaltyCard": null,
    "productPricePerUnitWithLoyaltyCard": null,
    "imageUrl": "https://cdn.barbora.lv/products/0bdbd6d6-d137-4eb0-bf33-fae73ae4df0d_s.png",
    "available": true,
    "discount": null
  },
  {
    "shop": "MAXIMA",
    "categories": [
      2,
      2001,
      2001004
    ],
    "productName": "Rudzu maize plaucētā puse, sagr.350g",
    "productPriceOld": null,
    "productPrice": {
      "value": 1.69,
      "unit": "€"
    },
    "productPricePerUnit": {
      "value": 4.83,
      "unit": "€/kg"
    },
    "productPriceWithLoyaltyCard": null,
    "productPricePerUnitWithLoyaltyCard": null,
    "imageUrl": "https://cdn.barbora.lv/products/23adbd50-ecfb-4b7a-81cf-0f75e48cc9c2_s.png",
    "available": true,
    "discount": null
  },
  {
    "shop": "MAXIMA",
    "categories": [
      2,
      2001,
      2001004
    ],
    "productName": "Rudzu maize Mājas Lāči 700g",
    "productPriceOld": null,
    "productPrice": {
      "value": 3.39,
      "unit": "€"
    },
    "productPricePerUnit": {
      "value": 4.84,
      "unit": "€/kg"
    },
    "productPriceWithLoyaltyCard": null,
    "productPricePerUnitWithLoyaltyCard": null,
    "imageUrl": "https://cdn.barbora.lv/products/4545229d-6b92-4024-9cee-1d658f02c088_s.png",
    "available": true,
    "discount": null
  },
  {
    "shop": "RIMI",
    "categories": [
      2,
      2001,
      2001003
    ],
    "productName": "Tostermaize Latvijas rudzu ierauga 450g",
    "productPriceOld": null,
    "productPrice": {
      "value": 2.19,
      "unit": "€/gab"
    },
    "productPricePerUnit": {
      "value": 4.87,
      "unit": "€/kg"
    },
    "productPriceWithLoyaltyCard": null,
    "productPricePerUnitWithLoyaltyCard": null,
    "imageUrl": "https://rimibaltic-res.cloudinary.com/image/upload/d_ecommerce:backend-fallback.png/MAT_4005092_PCE_LV",
    "available": true,
    "discount": null
  },
  {
    "shop": "MAXIMA",
    "categories": [
      2,
      2001,
      20010014
    ],
    "productName": "Bagete Franču ar ķiploku sviestu 160g",
    "productPriceOld": null,
    "productPrice": {
      "value": 0.74,
      "unit": "€"
    },
    "productPricePerUnit": {
      "value": 4.87,
      "unit": "€/kg"
    },
    "productPriceWithLoyaltyCard": null,
    "productPricePerUnitWithLoyaltyCard": null,
    "imageUrl": "https://cdn.barbora.lv/products/86cf6c94-c50a-4dcf-b2e2-e57f1407d77d_s.png",
    "available": true,
    "discount": null
  },
  {
    "shop": "MAXIMA",
    "categories": [
      1,
      1001,
      1001001
    ],
    "productName": "Alus LEFFE BLOND 6,6% 0,33L D",
    "productPriceOld": null,
    "productPrice": {
      "value": 1.61,
      "unit": "€"
    },
    "productPricePerUnit": {
      "value": 4.88,
      "unit": "€/l"
    },
    "productPriceWithLoyaltyCard": null,
    "productPricePerUnitWithLoyaltyCard": null,
    "imageUrl": "https://cdn.barbora.lv/products/b5af91d2-49e5-47ac-9966-a38c2480c041_s.png",
    "available": true,
    "discount": null
  },
  {
    "shop": "MAXIMA",
    "categories": [
      1,
      1001,
      1001001
    ],
    "productName": "Alus LEFFE BRUNE 6,5% 0,33L D",
    "productPriceOld": null,
    "productPrice": {
      "value": 1.61,
      "unit": "€"
    },
    "productPricePerUnit": {
      "value": 4.88,
      "unit": "€/l"
    },
    "productPriceWithLoyaltyCard": null,
    "productPricePerUnitWithLoyaltyCard": null,
    "imageUrl": "https://cdn.barbora.lv/products/a206760a-f3ce-4329-8153-f2db3127cd30_s.png",
    "available": true,
    "discount": null
  },
  {
    "shop": "RIMI",
    "categories": [
      1,
      1001,
      1001001
    ],
    "productName": "Medalus Iļguciema ābolu, dzērveņu 5% 0,5l",
    "productPriceOld": null,
    "productPrice": {
      "value": 2.45,
      "unit": "€/gab"
    },
    "productPricePerUnit": {
      "value": 4.9,
      "unit": "€/l"
    },
    "productPriceWithLoyaltyCard": null,
    "productPricePerUnitWithLoyaltyCard": null,
    "imageUrl": "https://rimibaltic-res.cloudinary.com/image/upload/d_ecommerce:backend-fallback.png/MAT_1365470_PCE_LV",
    "available": true,
    "discount": null
  },
  {
    "shop": "MAXIMA",
    "categories": [
      1,
      1001,
      1001001
    ],
    "productName": "Alus MEDALUS kaņepju-ingvera 7% 0,5L D",
    "productPriceOld": null,
    "productPrice": {
      "value": 2.45,
      "unit": "€"
    },
    "productPricePerUnit": {
      "value": 4.9,
      "unit": "€/l"
    },
    "productPriceWithLoyaltyCard": null,
    "productPricePerUnitWithLoyaltyCard": null,
    "imageUrl": "https://cdn.barbora.lv/products/f02a73c8-f73d-4c2d-9548-dc234eada063_s.png",
    "available": true,
    "discount": null
  },
  {
    "shop": "CITRO",
    "categories": [
      1,
      1001,
      1001004
    ],
    "productName": "DZ.VĪNS COSMOPOLITAN DĪVA MOJITO 5.5% 0.75L",
    "productPriceOld": {
      "value": 4.49,
      "unit": "€"
    },
    "productPrice": {
      "value": 3.69,
      "unit": "€"
    },
    "productPricePerUnit": {
      "value": 4.92,
      "unit": "€/L"
    },
    "productPriceWithLoyaltyCard": null,
    "productPricePerUnitWithLoyaltyCard": null,
    "imageUrl": "https://rezekne.citro.lv/wp-content/uploads/2024/05/4750021012983-300x300.jpg",
    "available": true,
    "discount": 18
  },
  {
    "shop": "CITRO",
    "categories": [
      1,
      1001,
      1001004
    ],
    "productName": "DZ.VĪNS COSMOPOLITAN DĪVA MOJITO 5.5% 0.75L",
    "productPriceOld": {
      "value": 4.49,
      "unit": "€"
    },
    "productPrice": {
      "value": 3.69,
      "unit": "€"
    },
    "productPricePerUnit": {
      "value": 4.92,
      "unit": "€/L"
    },
    "productPriceWithLoyaltyCard": null,
    "productPricePerUnitWithLoyaltyCard": null,
    "imageUrl": "https://rezekne.citro.lv/wp-content/uploads/2024/05/4750021012983-300x300.jpg",
    "available": true,
    "discount": 18
  },
  {
    "shop": "RIMI",
    "categories": [
      2,
      2001,
      2001002
    ],
    "productName": "Baltmaize Mazā Dienas 180g",
    "productPriceOld": null,
    "productPrice": {
      "value": 0.89,
      "unit": "€/gab"
    },
    "productPricePerUnit": {
      "value": 4.94,
      "unit": "€/kg"
    },
    "productPriceWithLoyaltyCard": null,
    "productPricePerUnitWithLoyaltyCard": null,
    "imageUrl": "https://rimibaltic-res.cloudinary.com/image/upload/d_ecommerce:backend-fallback.png/MAT_292229_PCE_LV",
    "available": true,
    "discount": null
  },
  {
    "shop": "MAXIMA",
    "categories": [
      1,
      1001,
      1001005
    ],
    "productName": "Alk.kokt.J.FREITAG Gin&Rose 5% 0,33L D",
    "productPriceOld": null,
    "productPrice": {
      "value": 1.63,
      "unit": "€"
    },
    "productPricePerUnit": {
      "value": 4.94,
      "unit": "€/l"
    },
    "productPriceWithLoyaltyCard": null,
    "productPricePerUnitWithLoyaltyCard": null,
    "imageUrl": "https://cdn.barbora.lv/products/ae6c5915-a07c-467c-b2c8-c43b4f97e31f_s.png",
    "available": true,
    "discount": null
  },
  {
    "shop": "MAXIMA",
    "categories": [
      1,
      1001,
      1001005
    ],
    "productName": "Alk.kokt.J.FREITAG Gin&Tonic 5% 0,33L D",
    "productPriceOld": null,
    "productPrice": {
      "value": 1.63,
      "unit": "€"
    },
    "productPricePerUnit": {
      "value": 4.94,
      "unit": "€/l"
    },
    "productPriceWithLoyaltyCard": null,
    "productPricePerUnitWithLoyaltyCard": null,
    "imageUrl": "https://cdn.barbora.lv/products/0f67d210-b93b-4de1-b12c-6e2bc986d9c4_s.png",
    "available": true,
    "discount": null
  },
  {
    "shop": "MAXIMA",
    "categories": [
      1,
      1001,
      1001001
    ],
    "productName": "Alus MADONAS Speciālais 5% 0,5L D",
    "productPriceOld": null,
    "productPrice": {
      "value": 2.47,
      "unit": "€"
    },
    "productPricePerUnit": {
      "value": 4.94,
      "unit": "€/l"
    },
    "productPriceWithLoyaltyCard": null,
    "productPricePerUnitWithLoyaltyCard": null,
    "imageUrl": "https://cdn.barbora.lv/products/aa24ea9c-3be5-4e8f-867e-e7229819f128_s.png",
    "available": true,
    "discount": null
  },
  {
    "shop": "RIMI",
    "categories": [
      1,
      1001,
      1001004
    ],
    "productName": "Dz. vīns Una Rose 10% 0,2l",
    "productPriceOld": null,
    "productPrice": {
      "value": 1.55,
      "unit": "€/gab"
    },
    "productPricePerUnit": {
      "value": 7.75,
      "unit": "€/l"
    },
    "productPriceWithLoyaltyCard": {
      "value": 0.99,
      "unit": "€"
    },
    "productPricePerUnitWithLoyaltyCard": {
      "value": 4.95,
      "unit": "€/l"
    },
    "imageUrl": "https://rimibaltic-res.cloudinary.com/image/upload/d_ecommerce:backend-fallback.png/MAT_7195884_PCE_LV",
    "available": true,
    "discount": 36
  },
  {
    "shop": "RIMI",
    "categories": [
      1,
      1001,
      1001004
    ],
    "productName": "Dz. vīns Una Bianco 10% 0,2l",
    "productPriceOld": null,
    "productPrice": {
      "value": 1.55,
      "unit": "€/gab"
    },
    "productPricePerUnit": {
      "value": 7.75,
      "unit": "€/l"
    },
    "productPriceWithLoyaltyCard": {
      "value": 0.99,
      "unit": "€"
    },
    "productPricePerUnitWithLoyaltyCard": {
      "value": 4.95,
      "unit": "€/l"
    },
    "imageUrl": "https://rimibaltic-res.cloudinary.com/image/upload/d_ecommerce:backend-fallback.png/MAT_7195883_PCE_LV",
    "available": true,
    "discount": 36
  },
  {
    "shop": "MAXIMA",
    "categories": [
      2,
      2001,
      2001002
    ],
    "productName": "Maize FAZER FRANČU sagriezta 220g",
    "productPriceOld": null,
    "productPrice": {
      "value": 1.09,
      "unit": "€"
    },
    "productPricePerUnit": {
      "value": 4.95,
      "unit": "€/kg"
    },
    "productPriceWithLoyaltyCard": null,
    "productPricePerUnitWithLoyaltyCard": null,
    "imageUrl": "https://cdn.barbora.lv/products/cc1782e7-df31-4897-8626-99d32d6e67dd_s.png",
    "available": true,
    "discount": null
  },
  {
    "shop": "RIMI",
    "categories": [
      2,
      2001,
      20010014
    ],
    "productName": "Maiziņš dārzeņu 240g",
    "productPriceOld": {
      "value": 1.75,
      "unit": "€"
    },
    "productPrice": {
      "value": 1.19,
      "unit": "€/gab"
    },
    "productPricePerUnit": {
      "value": 4.96,
      "unit": "€/kg"
    },
    "productPriceWithLoyaltyCard": null,
    "productPricePerUnitWithLoyaltyCard": null,
    "imageUrl": "https://rimibaltic-res.cloudinary.com/image/upload/d_ecommerce:backend-fallback.png/MAT_937635_PCE_LV",
    "available": true,
    "discount": 32
  },
  {
    "shop": "RIMI",
    "categories": [
      2,
      2001,
      2001004
    ],
    "productName": "Maiziņš rudzu 240g",
    "productPriceOld": {
      "value": 1.49,
      "unit": "€"
    },
    "productPrice": {
      "value": 1.19,
      "unit": "€/gab"
    },
    "productPricePerUnit": {
      "value": 4.96,
      "unit": "€/kg"
    },
    "productPriceWithLoyaltyCard": null,
    "productPricePerUnitWithLoyaltyCard": null,
    "imageUrl": "https://rimibaltic-res.cloudinary.com/image/upload/d_ecommerce:backend-fallback.png/MAT_937636_PCE_LV",
    "available": true,
    "discount": 20
  },
  {
    "shop": "RIMI",
    "categories": [
      2,
      2001,
      2001003
    ],
    "productName": "Tostermaize Latvijas Tost Maize rudzu 450g",
    "productPriceOld": null,
    "productPrice": {
      "value": 2.23,
      "unit": "€/gab"
    },
    "productPricePerUnit": {
      "value": 4.96,
      "unit": "€/kg"
    },
    "productPriceWithLoyaltyCard": null,
    "productPricePerUnitWithLoyaltyCard": null,
    "imageUrl": "https://rimibaltic-res.cloudinary.com/image/upload/d_ecommerce:backend-fallback.png/MAT_4004078_PCE_LV",
    "available": true,
    "discount": null
  },
  {
    "shop": "MAXIMA",
    "categories": [
      1,
      1001,
      1001001
    ],
    "productName": "Alus VALMIERMUIŽA Krogus 5,3% 0,5L D",
    "productPriceOld": null,
    "productPrice": {
      "value": 2.48,
      "unit": "€"
    },
    "productPricePerUnit": {
      "value": 4.96,
      "unit": "€/l"
    },
    "productPriceWithLoyaltyCard": null,
    "productPricePerUnitWithLoyaltyCard": null,
    "imageUrl": "https://cdn.barbora.lv/products/05dcb0a5-fb1d-4dfb-84b0-ed0df75b754b_s.png",
    "available": true,
    "discount": null
  },
  {
    "shop": "MAXIMA",
    "categories": [
      2,
      2001,
      2001003
    ],
    "productName": "Tostermaize ĪSTA ar pienu/sviestu 240g",
    "productPriceOld": null,
    "productPrice": {
      "value": 1.19,
      "unit": "€"
    },
    "productPricePerUnit": {
      "value": 4.96,
      "unit": "€/kg"
    },
    "productPriceWithLoyaltyCard": null,
    "productPricePerUnitWithLoyaltyCard": null,
    "imageUrl": "https://cdn.barbora.lv/products/628c0b95-4c58-42b7-bf15-d71e6dd61e2c_s.png",
    "available": true,
    "discount": null
  },
  {
    "shop": "RIMI",
    "categories": [
      2,
      2001,
      2001003,
      2001001
    ],
    "productName": "Pilngraudu tostermaize Flora speltas 320g",
    "productPriceOld": null,
    "productPrice": {
      "value": 1.59,
      "unit": "€/gab"
    },
    "productPricePerUnit": {
      "value": 4.97,
      "unit": "€/kg"
    },
    "productPriceWithLoyaltyCard": null,
    "productPricePerUnitWithLoyaltyCard": null,
    "imageUrl": "https://rimibaltic-res.cloudinary.com/image/upload/d_ecommerce:backend-fallback.png/MAT_966526_PCE_LV",
    "available": true,
    "discount": null
  },
  {
    "shop": "RIMI",
    "categories": [
      2,
      2001,
      20010015
    ],
    "productName": "Sausiņi ar rozīnēm 300g",
    "productPriceOld": null,
    "productPrice": {
      "value": 1.49,
      "unit": "€/gab"
    },
    "productPricePerUnit": {
      "value": 4.97,
      "unit": "€/kg"
    },
    "productPriceWithLoyaltyCard": null,
    "productPricePerUnitWithLoyaltyCard": null,
    "imageUrl": "https://rimibaltic-res.cloudinary.com/image/upload/d_ecommerce:backend-fallback.png/MAT_900611_PCE_LV",
    "available": true,
    "discount": null
  },
  {
    "shop": "RIMI",
    "categories": [
      2,
      2001,
      2001004
    ],
    "productName": "Rudzu saldskābmaize Ķelmēni sagriez. BIO 380g",
    "productPriceOld": null,
    "productPrice": {
      "value": 1.89,
      "unit": "€/gab"
    },
    "productPricePerUnit": {
      "value": 4.97,
      "unit": "€/kg"
    },
    "productPriceWithLoyaltyCard": null,
    "productPricePerUnitWithLoyaltyCard": null,
    "imageUrl": "https://rimibaltic-res.cloudinary.com/image/upload/d_ecommerce:backend-fallback.png/MAT_211635_PCE_LV",
    "available": true,
    "discount": null
  },
  {
    "shop": "RIMI",
    "categories": [
      2,
      2001,
      2001004,
      2001001
    ],
    "productName": "Rudzu rikas Hanzas Maiznīca pilngraudu 360g",
    "productPriceOld": null,
    "productPrice": {
      "value": 1.79,
      "unit": "€/gab"
    },
    "productPricePerUnit": {
      "value": 4.97,
      "unit": "€/kg"
    },
    "productPriceWithLoyaltyCard": null,
    "productPricePerUnitWithLoyaltyCard": null,
    "imageUrl": "https://rimibaltic-res.cloudinary.com/image/upload/d_ecommerce:backend-fallback.png/MAT_994827_PCE_LV",
    "available": true,
    "discount": null
  },
  {
    "shop": "RIMI",
    "categories": [
      2,
      2001,
      2001002
    ],
    "productName": "Baltmaize sviesta 300g",
    "productPriceOld": null,
    "productPrice": {
      "value": 1.49,
      "unit": "€/gab"
    },
    "productPricePerUnit": {
      "value": 4.97,
      "unit": "€/kg"
    },
    "productPriceWithLoyaltyCard": null,
    "productPricePerUnitWithLoyaltyCard": null,
    "imageUrl": "https://rimibaltic-res.cloudinary.com/image/upload/d_ecommerce:backend-fallback.png/MAT_927676_PCE_LV",
    "available": true,
    "discount": null
  },
  {
    "shop": "RIMI",
    "categories": [
      2,
      2001,
      2001002
    ],
    "productName": "Baltmaize ar sezamu un sviestu  300g",
    "productPriceOld": null,
    "productPrice": {
      "value": 1.49,
      "unit": "€/gab"
    },
    "productPricePerUnit": {
      "value": 4.97,
      "unit": "€/gab"
    },
    "productPriceWithLoyaltyCard": null,
    "productPricePerUnitWithLoyaltyCard": null,
    "imageUrl": "https://rimibaltic-res.cloudinary.com/image/upload/d_ecommerce:backend-fallback.png/MAT_974688_PCE_LV",
    "available": true,
    "discount": null
  },
  {
    "shop": "MAXIMA",
    "categories": [
      2,
      2001,
      2001004,
      2001001
    ],
    "productName": "Pilngraudu rudzu rikas HM 360g",
    "productPriceOld": null,
    "productPrice": {
      "value": 1.79,
      "unit": "€"
    },
    "productPricePerUnit": {
      "value": 4.97,
      "unit": "€/kg"
    },
    "productPriceWithLoyaltyCard": null,
    "productPricePerUnitWithLoyaltyCard": null,
    "imageUrl": "https://cdn.barbora.lv/products/4b4d7676-35c2-4715-96cb-f2b3e41eb8d7_s.png",
    "available": true,
    "discount": null
  },
  {
    "shop": "MAXIMA",
    "categories": [
      2,
      2001,
      20010011
    ],
    "productName": "Maize PĻAVAS Saulespuķe sēklu 300g",
    "productPriceOld": null,
    "productPrice": {
      "value": 1.49,
      "unit": "€"
    },
    "productPricePerUnit": {
      "value": 4.97,
      "unit": "€/kg"
    },
    "productPriceWithLoyaltyCard": null,
    "productPricePerUnitWithLoyaltyCard": null,
    "imageUrl": "https://cdn.barbora.lv/products/fd43f098-089b-48c4-9765-536ec895d179_s.png",
    "available": true,
    "discount": null
  },
  {
    "shop": "MAXIMA",
    "categories": [
      2,
      2001,
      2001004
    ],
    "productName": "Saldskābmaize rudzu ĶELMĒNI sagriezta 380g",
    "productPriceOld": null,
    "productPrice": {
      "value": 1.89,
      "unit": "€"
    },
    "productPricePerUnit": {
      "value": 4.97,
      "unit": "€/kg"
    },
    "productPriceWithLoyaltyCard": null,
    "productPricePerUnitWithLoyaltyCard": null,
    "imageUrl": "https://cdn.barbora.lv/products/018023bd-8590-4e17-8eb1-7badad66f07e_s.png",
    "available": true,
    "discount": null
  },
  {
    "shop": "MAXIMA",
    "categories": [
      2,
      2001,
      20010015
    ],
    "productName": "Sausiņi Siguldas ar rozīnēm 300g",
    "productPriceOld": null,
    "productPrice": {
      "value": 1.49,
      "unit": "€"
    },
    "productPricePerUnit": {
      "value": 4.97,
      "unit": "€/kg"
    },
    "productPriceWithLoyaltyCard": null,
    "productPricePerUnitWithLoyaltyCard": null,
    "imageUrl": "https://cdn.barbora.lv/products/215235ec-1551-45ac-8ecc-bd7ea5531227_s.png",
    "available": true,
    "discount": null
  },
  {
    "shop": "RIMI",
    "categories": [
      1,
      1002,
      10010020
    ],
    "productName": "Burkānu sula 500ml",
    "productPriceOld": null,
    "productPrice": {
      "value": 2.49,
      "unit": "€/gab"
    },
    "productPricePerUnit": {
      "value": 4.98,
      "unit": "€/l"
    },
    "productPriceWithLoyaltyCard": null,
    "productPricePerUnitWithLoyaltyCard": null,
    "imageUrl": "https://rimibaltic-res.cloudinary.com/image/upload/d_ecommerce:backend-fallback.png/MAT_1356191_PCE_LV",
    "available": true,
    "discount": null
  },
  {
    "shop": "RIMI",
    "categories": [
      1,
      1002,
      10010020
    ],
    "productName": "Burkānu-smiltsērkšķu sula 500ml",
    "productPriceOld": null,
    "productPrice": {
      "value": 2.49,
      "unit": "€/gab"
    },
    "productPricePerUnit": {
      "value": 4.98,
      "unit": "€/l"
    },
    "productPriceWithLoyaltyCard": null,
    "productPricePerUnitWithLoyaltyCard": null,
    "imageUrl": "https://rimibaltic-res.cloudinary.com/image/upload/d_ecommerce:backend-fallback.png/MAT_1365037_PCE_LV",
    "available": true,
    "discount": null
  },
  {
    "shop": "RIMI",
    "categories": [
      1,
      1002,
      10010020
    ],
    "productName": "Burkānu-apelsīnu sula 500ml",
    "productPriceOld": null,
    "productPrice": {
      "value": 2.49,
      "unit": "€/gab"
    },
    "productPricePerUnit": {
      "value": 4.98,
      "unit": "€/l"
    },
    "productPriceWithLoyaltyCard": null,
    "productPricePerUnitWithLoyaltyCard": null,
    "imageUrl": "https://rimibaltic-res.cloudinary.com/image/upload/d_ecommerce:backend-fallback.png/MAT_1362892_PCE_LV",
    "available": true,
    "discount": null
  },
  {
    "shop": "RIMI",
    "categories": [
      1,
      1001,
      1001001
    ],
    "productName": "Alus Madonas Speciālais 5% 0,5l",
    "productPriceOld": null,
    "productPrice": {
      "value": 2.49,
      "unit": "€/gab"
    },
    "productPricePerUnit": {
      "value": 4.98,
      "unit": "€/l"
    },
    "productPriceWithLoyaltyCard": null,
    "productPricePerUnitWithLoyaltyCard": null,
    "imageUrl": "https://rimibaltic-res.cloudinary.com/image/upload/d_ecommerce:backend-fallback.png/MAT_1368281_PCE_LV",
    "available": true,
    "discount": null
  },
  {
    "shop": "MAXIMA",
    "categories": [
      1,
      1002,
      10010020
    ],
    "productName": "Sula burkānu 500ml D",
    "productPriceOld": null,
    "productPrice": {
      "value": 2.49,
      "unit": "€"
    },
    "productPricePerUnit": {
      "value": 4.98,
      "unit": "€/l"
    },
    "productPriceWithLoyaltyCard": null,
    "productPricePerUnitWithLoyaltyCard": null,
    "imageUrl": "https://cdn.barbora.lv/products/0d2cbea3-d05f-472a-8d99-faa63a87a5bf_s.png",
    "available": true,
    "discount": null
  },
  {
    "shop": "MAXIMA",
    "categories": [
      1,
      1002,
      10010020
    ],
    "productName": "Sula apelsīnu-burkānu 500ml D",
    "productPriceOld": null,
    "productPrice": {
      "value": 2.49,
      "unit": "€"
    },
    "productPricePerUnit": {
      "value": 4.98,
      "unit": "€/l"
    },
    "productPriceWithLoyaltyCard": null,
    "productPricePerUnitWithLoyaltyCard": null,
    "imageUrl": "https://cdn.barbora.lv/products/f21a2910-1768-471c-a2f4-150893aeb7fc_s.png",
    "available": true,
    "discount": null
  },
  {
    "shop": "MAXIMA",
    "categories": [
      1,
      1002,
      10010020
    ],
    "productName": "Sula burkānu-smiltsērkšķu 500ml D",
    "productPriceOld": null,
    "productPrice": {
      "value": 2.49,
      "unit": "€"
    },
    "productPricePerUnit": {
      "value": 4.98,
      "unit": "€/l"
    },
    "productPriceWithLoyaltyCard": null,
    "productPricePerUnitWithLoyaltyCard": null,
    "imageUrl": "https://cdn.barbora.lv/products/946f2009-1a4a-4d5d-b90d-256bbea9f32e_s.png",
    "available": true,
    "discount": null
  },
  {
    "shop": "MAXIMA",
    "categories": [
      1,
      1001,
      1001002
    ],
    "productName": "Sidrs REKORD. STRAW.-LIME 4,5% 0,5L D",
    "productPriceOld": {
      "value": 3.26,
      "unit": "€"
    },
    "productPrice": {
      "value": 3.26,
      "unit": "€"
    },
    "productPricePerUnit": {
      "value": 6.52,
      "unit": "€/l"
    },
    "productPriceWithLoyaltyCard": {
      "value": 2.49,
      "unit": "€"
    },
    "productPricePerUnitWithLoyaltyCard": {
      "value": 4.98,
      "unit": "€/l"
    },
    "imageUrl": "https://cdn.barbora.lv/products/28678258-ad19-4fa2-b5f5-c3918911b428_s.png",
    "available": true,
    "discount": 24
  },
  {
    "shop": "MAXIMA",
    "categories": [
      1,
      1001,
      1001002
    ],
    "productName": "Sidrs REKORD. WILD BERRIES 4,5% 0,5L D",
    "productPriceOld": {
      "value": 3.26,
      "unit": "€"
    },
    "productPrice": {
      "value": 3.26,
      "unit": "€"
    },
    "productPricePerUnit": {
      "value": 6.52,
      "unit": "€/l"
    },
    "productPriceWithLoyaltyCard": {
      "value": 2.49,
      "unit": "€"
    },
    "productPricePerUnitWithLoyaltyCard": {
      "value": 4.98,
      "unit": "€/l"
    },
    "imageUrl": "https://cdn.barbora.lv/products/f6eba2a8-2d06-411b-8465-e96dac007aeb_s.png",
    "available": true,
    "discount": 24
  },
  {
    "shop": "MAXIMA",
    "categories": [
      2,
      2001,
      2001006
    ],
    "productName": "Rupjmaize LIELEZERS ALBERTS plaucēta 400g",
    "productPriceOld": null,
    "productPrice": {
      "value": 1.99,
      "unit": "€"
    },
    "productPricePerUnit": {
      "value": 4.98,
      "unit": "€/kg"
    },
    "productPriceWithLoyaltyCard": null,
    "productPricePerUnitWithLoyaltyCard": null,
    "imageUrl": "https://cdn.barbora.lv/products/8b45fff9-4f18-4fe8-a84c-1781c4deb53d_s.png",
    "available": true,
    "discount": null
  },
  {
    "shop": "MAXIMA",
    "categories": [
      1,
      1001,
      1001003
    ],
    "productName": "Vīna dēriens EL CURADOR SANGRIA tetra 6.9% 1L",
    "productPriceOld": null,
    "productPrice": {
      "value": 4.99,
      "unit": "€"
    },
    "productPricePerUnit": {
      "value": 4.99,
      "unit": "€/l"
    },
    "productPriceWithLoyaltyCard": null,
    "productPricePerUnitWithLoyaltyCard": null,
    "imageUrl": "https://cdn.barbora.lv/products/7c44697c-237a-4d06-834e-c5cd54c8afdd_s.png",
    "available": true,
    "discount": null
  },
  {
    "shop": "RIMI",
    "categories": [
      2,
      2001,
      20010014
    ],
    "productName": "Brokastu maizītes Flora 5gab. 250g",
    "productPriceOld": null,
    "productPrice": {
      "value": 1.25,
      "unit": "€/gab"
    },
    "productPricePerUnit": {
      "value": 5,
      "unit": "€/kg"
    },
    "productPriceWithLoyaltyCard": null,
    "productPricePerUnitWithLoyaltyCard": null,
    "imageUrl": "https://rimibaltic-res.cloudinary.com/image/upload/d_ecommerce:backend-fallback.png/MAT_284376_PCE_LV",
    "available": true,
    "discount": null
  },
  {
    "shop": "RIMI",
    "categories": [
      2,
      2001,
      20010015
    ],
    "productName": "Sausbaranciņas Mario Bērnu 150g",
    "productPriceOld": {
      "value": 0.95,
      "unit": "€"
    },
    "productPrice": {
      "value": 0.75,
      "unit": "€/gab"
    },
    "productPricePerUnit": {
      "value": 5,
      "unit": "€/kg"
    },
    "productPriceWithLoyaltyCard": null,
    "productPricePerUnitWithLoyaltyCard": null,
    "imageUrl": "https://rimibaltic-res.cloudinary.com/image/upload/d_ecommerce:backend-fallback.png/MAT_1016691_PCE_LV",
    "available": true,
    "discount": 21
  },
  {
    "shop": "RIMI",
    "categories": [
      2,
      2001,
      20010011
    ],
    "productName": "Gaišā bagete Izcep Pats ar sēklām 250g",
    "productPriceOld": {
      "value": 1.59,
      "unit": "€"
    },
    "productPrice": {
      "value": 1.25,
      "unit": "€/gab"
    },
    "productPricePerUnit": {
      "value": 5,
      "unit": "€/kg"
    },
    "productPriceWithLoyaltyCard": null,
    "productPricePerUnitWithLoyaltyCard": null,
    "imageUrl": "https://rimibaltic-res.cloudinary.com/image/upload/d_ecommerce:backend-fallback.png/MAT_4006174_PCE_LV",
    "available": true,
    "discount": 21
  },
  {
    "shop": "RIMI",
    "categories": [
      2,
      2001,
      20010011
    ],
    "productName": "Veidņu maize Dona ar sēklām 290g",
    "productPriceOld": null,
    "productPrice": {
      "value": 1.45,
      "unit": "€/gab"
    },
    "productPricePerUnit": {
      "value": 5,
      "unit": "€/kg"
    },
    "productPriceWithLoyaltyCard": null,
    "productPricePerUnitWithLoyaltyCard": null,
    "imageUrl": "https://rimibaltic-res.cloudinary.com/image/upload/d_ecommerce:backend-fallback.png/MAT_4002504_PCE_LV",
    "available": true,
    "discount": null
  },
  {
    "shop": "RIMI",
    "categories": [
      1,
      1001,
      1001001
    ],
    "productName": "Alus Leffe Blonde 6,6% 0,33l",
    "productPriceOld": null,
    "productPrice": {
      "value": 1.65,
      "unit": "€/gab"
    },
    "productPricePerUnit": {
      "value": 5,
      "unit": "€/l"
    },
    "productPriceWithLoyaltyCard": null,
    "productPricePerUnitWithLoyaltyCard": null,
    "imageUrl": "https://rimibaltic-res.cloudinary.com/image/upload/d_ecommerce:backend-fallback.png/MAT_1373929_PCE_LV",
    "available": true,
    "discount": null
  },
  {
    "shop": "RIMI",
    "categories": [
      1,
      1001,
      1001002
    ],
    "productName": "Sidrs Somersby Apple 4,5% 0,33l",
    "productPriceOld": null,
    "productPrice": {
      "value": 1.65,
      "unit": "€/gab"
    },
    "productPricePerUnit": {
      "value": 5,
      "unit": "€/l"
    },
    "productPriceWithLoyaltyCard": null,
    "productPricePerUnitWithLoyaltyCard": null,
    "imageUrl": "https://rimibaltic-res.cloudinary.com/image/upload/d_ecommerce:backend-fallback.png/MAT_1371881_PCE_LV",
    "available": true,
    "discount": null
  },
  {
    "shop": "RIMI",
    "categories": [
      1,
      1001,
      1001001
    ],
    "productName": "Alus Leffe Brune 6,5% 0,33l",
    "productPriceOld": null,
    "productPrice": {
      "value": 1.65,
      "unit": "€/gab"
    },
    "productPricePerUnit": {
      "value": 5,
      "unit": "€/l"
    },
    "productPriceWithLoyaltyCard": null,
    "productPricePerUnitWithLoyaltyCard": null,
    "imageUrl": "https://rimibaltic-res.cloudinary.com/image/upload/d_ecommerce:backend-fallback.png/MAT_1373936_PCE_LV",
    "available": true,
    "discount": null
  },
  {
    "shop": "RIMI",
    "categories": [
      1,
      1001,
      1001002
    ],
    "productName": "Sidrs Somersby bumbieru 4,5% 0,33l",
    "productPriceOld": null,
    "productPrice": {
      "value": 1.65,
      "unit": "€/gab"
    },
    "productPricePerUnit": {
      "value": 5,
      "unit": "€/l"
    },
    "productPriceWithLoyaltyCard": null,
    "productPricePerUnitWithLoyaltyCard": null,
    "imageUrl": "https://rimibaltic-res.cloudinary.com/image/upload/d_ecommerce:backend-fallback.png/MAT_1360704_PCE_LV",
    "available": true,
    "discount": null
  },
  {
    "shop": "MAXIMA",
    "categories": [
      1,
      1003,
      1003001
    ],
    "productName": "Alus BAVARIA Wheat 0% bezalkohol.330ml D",
    "productPriceOld": null,
    "productPrice": {
      "value": 1.65,
      "unit": "€"
    },
    "productPricePerUnit": {
      "value": 5,
      "unit": "€/l"
    },
    "productPriceWithLoyaltyCard": null,
    "productPricePerUnitWithLoyaltyCard": null,
    "imageUrl": "https://cdn.barbora.lv/products/b163e616-96b8-4a7f-9ce0-cb860479733c_s.png",
    "available": true,
    "discount": null
  },
  {
    "shop": "MAXIMA",
    "categories": [
      1,
      1001,
      1001002
    ],
    "productName": "Sidrs SOMERSBY Apple 4,5% 0,33L D",
    "productPriceOld": null,
    "productPrice": {
      "value": 1.65,
      "unit": "€"
    },
    "productPricePerUnit": {
      "value": 5,
      "unit": "€/l"
    },
    "productPriceWithLoyaltyCard": null,
    "productPricePerUnitWithLoyaltyCard": null,
    "imageUrl": "https://cdn.barbora.lv/products/f52baa6c-ad60-4a31-a8e7-71b9f3f761a6_s.png",
    "available": true,
    "discount": null
  },
  {
    "shop": "MAXIMA",
    "categories": [
      1,
      1001,
      1001002
    ],
    "productName": "Sidrs SOMERSBY Pear 4,5% 330ml D",
    "productPriceOld": null,
    "productPrice": {
      "value": 1.65,
      "unit": "€"
    },
    "productPricePerUnit": {
      "value": 5,
      "unit": "€/l"
    },
    "productPriceWithLoyaltyCard": null,
    "productPricePerUnitWithLoyaltyCard": null,
    "imageUrl": "https://cdn.barbora.lv/products/e39abab3-d65b-4398-a894-d47eed303c0a_s.png",
    "available": true,
    "discount": null
  },
  {
    "shop": "MAXIMA",
    "categories": [
      2,
      2001,
      2001003,
      2001001
    ],
    "productName": "Tostermaize FAZER pilngraudu 250g",
    "productPriceOld": null,
    "productPrice": {
      "value": 1.25,
      "unit": "€"
    },
    "productPricePerUnit": {
      "value": 5,
      "unit": "€/kg"
    },
    "productPriceWithLoyaltyCard": null,
    "productPricePerUnitWithLoyaltyCard": null,
    "imageUrl": "https://cdn.barbora.lv/products/a7be2ec5-9393-4e92-9c8a-e37a5018d965_s.png",
    "available": true,
    "discount": null
  },
  {
    "shop": "MAXIMA",
    "categories": [
      1,
      1001,
      1001001
    ],
    "productName": "Alus TANKER Reloaded IPA 5,8% 0,44L sk.D",
    "productPriceOld": null,
    "productPrice": {
      "value": 2.21,
      "unit": "€"
    },
    "productPricePerUnit": {
      "value": 5.02,
      "unit": "€/l"
    },
    "productPriceWithLoyaltyCard": null,
    "productPricePerUnitWithLoyaltyCard": null,
    "imageUrl": "https://cdn.barbora.lv/products/6af2d045-bc18-4019-b5f5-62113a421faa_s.png",
    "available": true,
    "discount": null
  },
  {
    "shop": "MAXIMA",
    "categories": [
      1,
      1001,
      1001001
    ],
    "productName": "Alus TANKER Sauna Session 4,7% 0,44Lsk.D",
    "productPriceOld": null,
    "productPrice": {
      "value": 2.21,
      "unit": "€"
    },
    "productPricePerUnit": {
      "value": 5.02,
      "unit": "€/l"
    },
    "productPriceWithLoyaltyCard": null,
    "productPricePerUnitWithLoyaltyCard": null,
    "imageUrl": "https://cdn.barbora.lv/products/17a9a2f8-50e6-4066-9948-853d4219a335_s.png",
    "available": true,
    "discount": null
  },
  {
    "shop": "MAXIMA",
    "categories": [
      1,
      1001,
      1001001
    ],
    "productName": "Alus TANKER Brew Me A River 5% 0,44L D",
    "productPriceOld": null,
    "productPrice": {
      "value": 2.21,
      "unit": "€"
    },
    "productPricePerUnit": {
      "value": 5.02,
      "unit": "€/l"
    },
    "productPriceWithLoyaltyCard": null,
    "productPricePerUnitWithLoyaltyCard": null,
    "imageUrl": "https://cdn.barbora.lv/products/8c7200a6-5802-48da-8e93-fc71dc39d458_s.png",
    "available": true,
    "discount": null
  },
  {
    "shop": "MAXIMA",
    "categories": [
      1,
      1001,
      1001001
    ],
    "productName": "Alus TANKER Mangolicious 4,7% 0,44L D",
    "productPriceOld": null,
    "productPrice": {
      "value": 2.21,
      "unit": "€"
    },
    "productPricePerUnit": {
      "value": 5.02,
      "unit": "€/l"
    },
    "productPriceWithLoyaltyCard": null,
    "productPricePerUnitWithLoyaltyCard": null,
    "imageUrl": "https://cdn.barbora.lv/products/8e4a3131-1ed3-4150-823d-959918b60a87_s.png",
    "available": true,
    "discount": null
  },
  {
    "shop": "MAXIMA",
    "categories": [
      1,
      1001,
      1001001
    ],
    "productName": "Alus MADONAS Tumšais 5,2% 0,5L D",
    "productPriceOld": null,
    "productPrice": {
      "value": 2.52,
      "unit": "€"
    },
    "productPricePerUnit": {
      "value": 5.04,
      "unit": "€/l"
    },
    "productPriceWithLoyaltyCard": null,
    "productPricePerUnitWithLoyaltyCard": null,
    "imageUrl": "https://cdn.barbora.lv/products/43d4bcbe-2e9b-4cc4-a356-4d91ad2c34b3_s.png",
    "available": true,
    "discount": null
  },
  {
    "shop": "MAXIMA",
    "categories": [
      1,
      1001,
      1001001
    ],
    "productName": "Alus GRIMBERGEN Rouge 5,5% 0,5L sk.D",
    "productPriceOld": null,
    "productPrice": {
      "value": 2.52,
      "unit": "€"
    },
    "productPricePerUnit": {
      "value": 5.04,
      "unit": "€/l"
    },
    "productPriceWithLoyaltyCard": null,
    "productPricePerUnitWithLoyaltyCard": null,
    "imageUrl": "https://cdn.barbora.lv/products/fd447bfb-40e8-4686-83a1-05f9c033dc3e_s.png",
    "available": true,
    "discount": null
  },
  {
    "shop": "RIMI",
    "categories": [
      1,
      1001,
      1001002
    ],
    "productName": "Sidrs Bellissimo bumbieru, puss.,5,5%,0,75l",
    "productPriceOld": null,
    "productPrice": {
      "value": 3.79,
      "unit": "€/gab"
    },
    "productPricePerUnit": {
      "value": 5.05,
      "unit": "€/l"
    },
    "productPriceWithLoyaltyCard": null,
    "productPricePerUnitWithLoyaltyCard": null,
    "imageUrl": "https://rimibaltic-res.cloudinary.com/image/upload/d_ecommerce:backend-fallback.png/MAT_1367596_PCE_LV",
    "available": true,
    "discount": null
  },
  {
    "shop": "RIMI",
    "categories": [
      1,
      1001,
      1001002
    ],
    "productName": "Sidrs Bellissimo pussausais 5,5% 0,75l",
    "productPriceOld": null,
    "productPrice": {
      "value": 3.79,
      "unit": "€/gab"
    },
    "productPricePerUnit": {
      "value": 5.05,
      "unit": "€/l"
    },
    "productPriceWithLoyaltyCard": null,
    "productPricePerUnitWithLoyaltyCard": null,
    "imageUrl": "https://rimibaltic-res.cloudinary.com/image/upload/d_ecommerce:backend-fallback.png/MAT_1364357_PCE_LV",
    "available": true,
    "discount": null
  },
  {
    "shop": "CITRO",
    "categories": [
      1,
      1001,
      1001003
    ],
    "productName": "VĪNS S.AUGĻU SV.MARIJA 12% 0.75L",
    "productPriceOld": {
      "value": 4.39,
      "unit": "€"
    },
    "productPrice": {
      "value": 3.79,
      "unit": "€"
    },
    "productPricePerUnit": {
      "value": 5.05,
      "unit": "€/L"
    },
    "productPriceWithLoyaltyCard": null,
    "productPricePerUnitWithLoyaltyCard": null,
    "imageUrl": "https://rezekne.citro.lv/wp-content/uploads/2021/02/4770595231429-300x300.jpg",
    "available": true,
    "discount": 14
  },
  {
    "shop": "RIMI",
    "categories": [
      2,
      2001,
      2001003
    ],
    "productName": "Tosterm. Latvijas Tost Maize 100% rudzu 390g",
    "productPriceOld": null,
    "productPrice": {
      "value": 1.99,
      "unit": "€/gab"
    },
    "productPricePerUnit": {
      "value": 5.1,
      "unit": "€/kg"
    },
    "productPriceWithLoyaltyCard": null,
    "productPricePerUnitWithLoyaltyCard": null,
    "imageUrl": "https://rimibaltic-res.cloudinary.com/image/upload/d_ecommerce:backend-fallback.png/MAT_987208_PCE_LV",
    "available": true,
    "discount": null
  },
  {
    "shop": "RIMI",
    "categories": [
      1,
      1001,
      1001001
    ],
    "productName": "Alus Madonas tumšais 5,2% 0,5l",
    "productPriceOld": null,
    "productPrice": {
      "value": 2.55,
      "unit": "€/gab"
    },
    "productPricePerUnit": {
      "value": 5.1,
      "unit": "€/l"
    },
    "productPriceWithLoyaltyCard": null,
    "productPricePerUnitWithLoyaltyCard": null,
    "imageUrl": "https://rimibaltic-res.cloudinary.com/image/upload/d_ecommerce:backend-fallback.png/MAT_1370812_PCE_LV",
    "available": true,
    "discount": null
  },
  {
    "shop": "RIMI",
    "categories": [
      1,
      1001,
      1001001
    ],
    "productName": "Alus Madonas tumšais 5,2% 0,5l",
    "productPriceOld": null,
    "productPrice": {
      "value": 2.55,
      "unit": "€/gab"
    },
    "productPricePerUnit": {
      "value": 5.1,
      "unit": "€/l"
    },
    "productPriceWithLoyaltyCard": null,
    "productPricePerUnitWithLoyaltyCard": null,
    "imageUrl": "https://rimibaltic-res.cloudinary.com/image/upload/d_ecommerce:backend-fallback.png/MAT_1370812_PCE_LV",
    "available": true,
    "discount": null
  },
  {
    "shop": "RIMI",
    "categories": [
      1,
      1001,
      1001001
    ],
    "productName": "Alus Krombacher Pils 4,8% 0,5l",
    "productPriceOld": null,
    "productPrice": {
      "value": 2.55,
      "unit": "€/gab"
    },
    "productPricePerUnit": {
      "value": 5.1,
      "unit": "€/l"
    },
    "productPriceWithLoyaltyCard": null,
    "productPricePerUnitWithLoyaltyCard": null,
    "imageUrl": "https://rimibaltic-res.cloudinary.com/image/upload/d_ecommerce:backend-fallback.png/MAT_1374155_PCE_LV",
    "available": true,
    "discount": null
  },
  {
    "shop": "RIMI",
    "categories": [
      1,
      1001,
      1001001
    ],
    "productName": "Alus Krombacher Hell 5% 0,5l",
    "productPriceOld": null,
    "productPrice": {
      "value": 2.55,
      "unit": "€/gab"
    },
    "productPricePerUnit": {
      "value": 5.1,
      "unit": "€/l"
    },
    "productPriceWithLoyaltyCard": null,
    "productPricePerUnitWithLoyaltyCard": null,
    "imageUrl": "https://rimibaltic-res.cloudinary.com/image/upload/d_ecommerce:backend-fallback.png/MAT_1374154_PCE_LV",
    "available": true,
    "discount": null
  },
  {
    "shop": "RIMI",
    "categories": [
      2,
      2001,
      2001004
    ],
    "productName": "Rudzu maize Rikas 6 gab. 330g",
    "productPriceOld": null,
    "productPrice": {
      "value": 1.69,
      "unit": "€/gab"
    },
    "productPricePerUnit": {
      "value": 5.12,
      "unit": "€/kg"
    },
    "productPriceWithLoyaltyCard": null,
    "productPricePerUnitWithLoyaltyCard": null,
    "imageUrl": "https://rimibaltic-res.cloudinary.com/image/upload/d_ecommerce:backend-fallback.png/MAT_219058_PCE_LV",
    "available": true,
    "discount": null
  },
  {
    "shop": "RIMI",
    "categories": [
      1,
      1001,
      1001005
    ],
    "productName": "Alkoh. kokteilis Sex on the Beach 4,7% 0,33l",
    "productPriceOld": null,
    "productPrice": {
      "value": 1.69,
      "unit": "€/gab"
    },
    "productPricePerUnit": {
      "value": 5.12,
      "unit": "€/l"
    },
    "productPriceWithLoyaltyCard": null,
    "productPricePerUnitWithLoyaltyCard": null,
    "imageUrl": "https://rimibaltic-res.cloudinary.com/image/upload/d_ecommerce:backend-fallback.png/MAT_1360315_PCE_LV",
    "available": true,
    "discount": null
  },
  {
    "shop": "RIMI",
    "categories": [
      1,
      1001,
      1001005
    ],
    "productName": "Alk. kokteil. Watermelon Margarita 4,7% 0,33l",
    "productPriceOld": null,
    "productPrice": {
      "value": 1.69,
      "unit": "€/gab"
    },
    "productPricePerUnit": {
      "value": 5.12,
      "unit": "€/l"
    },
    "productPriceWithLoyaltyCard": null,
    "productPricePerUnitWithLoyaltyCard": null,
    "imageUrl": "https://rimibaltic-res.cloudinary.com/image/upload/d_ecommerce:backend-fallback.png/MAT_1357234_PCE_LV",
    "available": true,
    "discount": null
  },
  {
    "shop": "RIMI",
    "categories": [
      1,
      1001,
      1001005
    ],
    "productName": "Alkoholiskais kokteilis Mojito 4,7% 0,33l",
    "productPriceOld": null,
    "productPrice": {
      "value": 1.69,
      "unit": "€/gab"
    },
    "productPricePerUnit": {
      "value": 5.12,
      "unit": "€/l"
    },
    "productPriceWithLoyaltyCard": null,
    "productPricePerUnitWithLoyaltyCard": null,
    "imageUrl": "https://rimibaltic-res.cloudinary.com/image/upload/d_ecommerce:backend-fallback.png/MAT_1355553_PCE_LV",
    "available": true,
    "discount": null
  },
  {
    "shop": "RIMI",
    "categories": [
      1,
      1001,
      1001005
    ],
    "productName": "Alko. kokteilis Black Balsam Cherry 5% 0,33l",
    "productPriceOld": null,
    "productPrice": {
      "value": 1.69,
      "unit": "€/gab"
    },
    "productPricePerUnit": {
      "value": 5.12,
      "unit": "€/l"
    },
    "productPriceWithLoyaltyCard": null,
    "productPricePerUnitWithLoyaltyCard": null,
    "imageUrl": "https://rimibaltic-res.cloudinary.com/image/upload/d_ecommerce:backend-fallback.png/MAT_1367922_PCE_LV",
    "available": true,
    "discount": null
  },
  {
    "shop": "RIMI",
    "categories": [
      1,
      1001,
      1001005
    ],
    "productName": "Alko. kokteilis Black Balsam Currant 5% 0,33l",
    "productPriceOld": null,
    "productPrice": {
      "value": 1.69,
      "unit": "€/gab"
    },
    "productPricePerUnit": {
      "value": 5.12,
      "unit": "€/l"
    },
    "productPriceWithLoyaltyCard": null,
    "productPricePerUnitWithLoyaltyCard": null,
    "imageUrl": "https://rimibaltic-res.cloudinary.com/image/upload/d_ecommerce:backend-fallback.png/MAT_1367923_PCE_LV",
    "available": true,
    "discount": null
  },
  {
    "shop": "RIMI",
    "categories": [
      1,
      1001,
      1001005
    ],
    "productName": "Alk. kokteilis Le Coq Blue Lagoon 4,7% 0,33l",
    "productPriceOld": null,
    "productPrice": {
      "value": 1.69,
      "unit": "€/gab"
    },
    "productPricePerUnit": {
      "value": 5.12,
      "unit": "€/l"
    },
    "productPriceWithLoyaltyCard": null,
    "productPricePerUnitWithLoyaltyCard": null,
    "imageUrl": "https://rimibaltic-res.cloudinary.com/image/upload/d_ecommerce:backend-fallback.png/MAT_1358180_PCE_LV",
    "available": true,
    "discount": null
  },
  {
    "shop": "MAXIMA",
    "categories": [
      1,
      1002,
      10010024
    ],
    "productName": "Dabīgs negāzēts artēziskais ūdens FIJI 0,33L D",
    "productPriceOld": null,
    "productPrice": {
      "value": 1.69,
      "unit": "€"
    },
    "productPricePerUnit": {
      "value": 5.12,
      "unit": "€/l"
    },
    "productPriceWithLoyaltyCard": null,
    "productPricePerUnitWithLoyaltyCard": null,
    "imageUrl": "https://cdn.barbora.lv/products/8941244a-0d0e-4fdd-9fb1-86eb4d4b4259_s.png",
    "available": true,
    "discount": null
  },
  {
    "shop": "MAXIMA",
    "categories": [
      1,
      1002,
      10010020
    ],
    "productName": "Sula CAPPY apelsīnu 330ml D",
    "productPriceOld": null,
    "productPrice": {
      "value": 1.69,
      "unit": "€"
    },
    "productPricePerUnit": {
      "value": 5.12,
      "unit": "€/l"
    },
    "productPriceWithLoyaltyCard": null,
    "productPricePerUnitWithLoyaltyCard": null,
    "imageUrl": "https://cdn.barbora.lv/products/1921c0f5-81fb-4c0d-9d19-b2a28a331a36_s.png",
    "available": true,
    "discount": null
  },
  {
    "shop": "MAXIMA",
    "categories": [
      1,
      1003,
      1003001
    ],
    "productName": "Alus KOKMUIŽA Dubultspēle b/a 330ml D",
    "productPriceOld": null,
    "productPrice": {
      "value": 1.69,
      "unit": "€"
    },
    "productPricePerUnit": {
      "value": 5.12,
      "unit": "€/l"
    },
    "productPriceWithLoyaltyCard": null,
    "productPricePerUnitWithLoyaltyCard": null,
    "imageUrl": "https://cdn.barbora.lv/products/bd253213-c219-4f40-83a7-8b5adb211d3e_s.png",
    "available": true,
    "discount": null
  },
  {
    "shop": "MAXIMA",
    "categories": [
      1,
      1001,
      1001001
    ],
    "productName": "Alus BROOKLYN Spec.Effects 0,4% 330ml D",
    "productPriceOld": null,
    "productPrice": {
      "value": 1.69,
      "unit": "€"
    },
    "productPricePerUnit": {
      "value": 5.12,
      "unit": "€/l"
    },
    "productPriceWithLoyaltyCard": null,
    "productPricePerUnitWithLoyaltyCard": null,
    "imageUrl": "https://cdn.barbora.lv/products/d956841d-b982-43d6-8692-c43094c573a2_s.png",
    "available": true,
    "discount": null
  },
  {
    "shop": "MAXIMA",
    "categories": [
      1,
      1003,
      1003001
    ],
    "productName": "Alus CARLSBERG Organic b/a 0,5% 330ml D",
    "productPriceOld": null,
    "productPrice": {
      "value": 1.69,
      "unit": "€"
    },
    "productPricePerUnit": {
      "value": 5.12,
      "unit": "€/l"
    },
    "productPriceWithLoyaltyCard": null,
    "productPricePerUnitWithLoyaltyCard": null,
    "imageUrl": "https://cdn.barbora.lv/products/40a6b6b3-e283-406e-91d7-f9b1b1c8366e_s.png",
    "available": true,
    "discount": null
  },
  {
    "shop": "MAXIMA",
    "categories": [
      2,
      2001,
      2001004
    ],
    "productName": "Rudzu rikas 330g",
    "productPriceOld": null,
    "productPrice": {
      "value": 1.69,
      "unit": "€"
    },
    "productPricePerUnit": {
      "value": 5.12,
      "unit": "€/kg"
    },
    "productPriceWithLoyaltyCard": null,
    "productPricePerUnitWithLoyaltyCard": null,
    "imageUrl": "https://cdn.barbora.lv/products/48099ad5-4d5d-4468-ba4b-6f0952b38d11_s.png",
    "available": true,
    "discount": null
  },
  {
    "shop": "CITRO",
    "categories": [
      1,
      1001,
      1001001
    ],
    "productName": "ALUS MILLER 4.7% 0.33L STIKLS",
    "productPriceOld": null,
    "productPrice": null,
    "productPricePerUnit": {
      "value": 5.12,
      "unit": "€/L"
    },
    "productPriceWithLoyaltyCard": null,
    "productPricePerUnitWithLoyaltyCard": null,
    "imageUrl": "https://rezekne.citro.lv/wp-content/uploads/2023/12/4751016881232-300x300.jpg",
    "available": true,
    "discount": null
  },
  {
    "shop": "RIMI",
    "categories": [
      2,
      2001,
      2001009
    ],
    "productName": "Burgeru maizītes Schulstad sezama sēklām 328g",
    "productPriceOld": {
      "value": 2.19,
      "unit": "€"
    },
    "productPrice": {
      "value": 1.69,
      "unit": "€/gab"
    },
    "productPricePerUnit": {
      "value": 5.15,
      "unit": "€/kg"
    },
    "productPriceWithLoyaltyCard": null,
    "productPricePerUnitWithLoyaltyCard": null,
    "imageUrl": "https://rimibaltic-res.cloudinary.com/image/upload/d_ecommerce:backend-fallback.png/MAT_4003886_PCE_LV",
    "available": true,
    "discount": 23
  },
  {
    "shop": "RIMI",
    "categories": [
      2,
      2001,
      2001008
    ],
    "productName": "Graudu maize Dzīvā saulespuķu 250g",
    "productPriceOld": null,
    "productPrice": {
      "value": 1.29,
      "unit": "€/gab"
    },
    "productPricePerUnit": {
      "value": 5.16,
      "unit": "€/kg"
    },
    "productPriceWithLoyaltyCard": null,
    "productPricePerUnitWithLoyaltyCard": null,
    "imageUrl": "https://rimibaltic-res.cloudinary.com/image/upload/d_ecommerce:backend-fallback.png/MAT_281044_PCE_LV",
    "available": true,
    "discount": null
  },
  {
    "shop": "RIMI",
    "categories": [
      2,
      2001,
      2001006
    ],
    "productName": "Rupjmaize Dona sprīdīšu 250g",
    "productPriceOld": null,
    "productPrice": {
      "value": 1.29,
      "unit": "€/gab"
    },
    "productPricePerUnit": {
      "value": 5.16,
      "unit": "€/kg"
    },
    "productPriceWithLoyaltyCard": null,
    "productPricePerUnitWithLoyaltyCard": null,
    "imageUrl": "https://rimibaltic-res.cloudinary.com/image/upload/d_ecommerce:backend-fallback.png/MAT_966230_PCE_LV",
    "available": true,
    "discount": null
  },
  {
    "shop": "MAXIMA",
    "categories": [
      2,
      2001,
      20010014
    ],
    "productName": "Maize Kaukāza 250g",
    "productPriceOld": null,
    "productPrice": {
      "value": 1.29,
      "unit": "€"
    },
    "productPricePerUnit": {
      "value": 5.16,
      "unit": "€/kg"
    },
    "productPriceWithLoyaltyCard": null,
    "productPricePerUnitWithLoyaltyCard": null,
    "imageUrl": "https://cdn.barbora.lv/products/d10c4ba3-0c8e-4208-9971-bc653e8c8815_s.png",
    "available": true,
    "discount": null
  },
  {
    "shop": "MAXIMA",
    "productName": "Fazer DZĪVĀ Saulespuķu maize 250g",
    "productPriceOld": null,
    "productPrice": {
      "value": 1.29,
      "unit": "€"
    },
    "productPricePerUnit": {
      "value": 5.16,
      "unit": "€/kg"
    },
    "productPriceWithLoyaltyCard": null,
    "productPricePerUnitWithLoyaltyCard": null,
    "imageUrl": "https://cdn.barbora.lv/products/7037a5a2-1b09-4860-912a-9dc6078fcdef_s.png",
    "available": true,
    "discount": null,
    "categories": [
      2,
      2001,
      20010011
    ]
  },
  {
    "shop": "MAXIMA",
    "categories": [
      2,
      2001,
      2001003
    ],
    "productName": "Tostermaize Tostē Mazā klasiskā 250g",
    "productPriceOld": null,
    "productPrice": {
      "value": 1.29,
      "unit": "€"
    },
    "productPricePerUnit": {
      "value": 5.16,
      "unit": "€/kg"
    },
    "productPriceWithLoyaltyCard": null,
    "productPricePerUnitWithLoyaltyCard": null,
    "imageUrl": "https://cdn.barbora.lv/products/84052117-2859-48ca-809c-ab958f270658_s.png",
    "available": true,
    "discount": null
  },
  {
    "shop": "CITRO",
    "categories": [
      1,
      1002,
      10010022
    ],
    "productName": "ENERĢIJAS DZĒRIENS RED BULL 0.25L",
    "productPriceOld": {
      "value": 1.45,
      "unit": "€"
    },
    "productPrice": {
      "value": 1.29,
      "unit": "€"
    },
    "productPricePerUnit": {
      "value": 5.16,
      "unit": "€/L"
    },
    "productPriceWithLoyaltyCard": null,
    "productPricePerUnitWithLoyaltyCard": null,
    "imageUrl": "https://rezekne.citro.lv/wp-content/uploads/2022/02/90453205-300x300.jpg",
    "available": true,
    "discount": 11
  },
  {
    "shop": "CITRO",
    "categories": [
      1,
      1002,
      10010022
    ],
    "productName": "ENERĢIJAS DZĒR. RED BULL BLUE EDITION 0.25L CAN",
    "productPriceOld": {
      "value": 1.45,
      "unit": "€"
    },
    "productPrice": {
      "value": 1.29,
      "unit": "€"
    },
    "productPricePerUnit": {
      "value": 5.16,
      "unit": "€/L"
    },
    "productPriceWithLoyaltyCard": null,
    "productPricePerUnitWithLoyaltyCard": null,
    "imageUrl": "https://rezekne.citro.lv/wp-content/uploads/2023/10/90453366-300x300.jpeg",
    "available": true,
    "discount": 11
  },
  {
    "shop": "CITRO",
    "categories": [
      1,
      1002,
      10010022
    ],
    "productName": "ENERĢIJAS DZĒRIENS RED BULL GREEN EDITION 0.25L CAN",
    "productPriceOld": {
      "value": 1.49,
      "unit": "€"
    },
    "productPrice": {
      "value": 1.29,
      "unit": "€"
    },
    "productPricePerUnit": {
      "value": 5.16,
      "unit": "€/L"
    },
    "productPriceWithLoyaltyCard": null,
    "productPricePerUnitWithLoyaltyCard": null,
    "imageUrl": "https://rezekne.citro.lv/wp-content/uploads/2024/07/90448065-300x300.jpg",
    "available": true,
    "discount": 13
  },
  {
    "shop": "RIMI",
    "categories": [
      1,
      1001,
      1001001
    ],
    "productName": "Alus Užavas kviešu 4,9% 0,5L",
    "productPriceOld": null,
    "productPrice": {
      "value": 2.59,
      "unit": "€/gab"
    },
    "productPricePerUnit": {
      "value": 5.18,
      "unit": "€/l"
    },
    "productPriceWithLoyaltyCard": null,
    "productPricePerUnitWithLoyaltyCard": null,
    "imageUrl": "https://rimibaltic-res.cloudinary.com/image/upload/d_ecommerce:backend-fallback.png/MAT_1371975_PCE_LV",
    "available": true,
    "discount": null
  },
  {
    "shop": "MAXIMA",
    "categories": [
      1,
      1001,
      1001005
    ],
    "productName": "Alk.kokt.LE COQ Margarita 4,7% 0,33L D",
    "productPriceOld": null,
    "productPrice": {
      "value": 1.71,
      "unit": "€"
    },
    "productPricePerUnit": {
      "value": 5.18,
      "unit": "€/l"
    },
    "productPriceWithLoyaltyCard": null,
    "productPricePerUnitWithLoyaltyCard": null,
    "imageUrl": "https://cdn.barbora.lv/products/456a5ae4-68cb-4973-b5b7-af521747824b_s.png",
    "available": true,
    "discount": null
  },
  {
    "shop": "MAXIMA",
    "categories": [
      1,
      1001,
      1001005
    ],
    "productName": "Alk.kokt.LE COQ Blue Lagoon 4,7% 330ml D",
    "productPriceOld": null,
    "productPrice": {
      "value": 1.71,
      "unit": "€"
    },
    "productPricePerUnit": {
      "value": 5.18,
      "unit": "€/l"
    },
    "productPriceWithLoyaltyCard": null,
    "productPricePerUnitWithLoyaltyCard": null,
    "imageUrl": "https://cdn.barbora.lv/products/f8244f2c-eecc-4d1b-9227-fefbb55be38e_s.png",
    "available": true,
    "discount": null
  },
  {
    "shop": "MAXIMA",
    "categories": [
      1,
      1001,
      1001005
    ],
    "productName": "Alk.kokt.LE COQ Pina Colada 4,7% 0,33L D",
    "productPriceOld": null,
    "productPrice": {
      "value": 1.71,
      "unit": "€"
    },
    "productPricePerUnit": {
      "value": 5.18,
      "unit": "€/l"
    },
    "productPriceWithLoyaltyCard": null,
    "productPricePerUnitWithLoyaltyCard": null,
    "imageUrl": "https://cdn.barbora.lv/products/94d603dd-01be-43ca-8af1-632073f35d66_s.png",
    "available": true,
    "discount": null
  },
  {
    "shop": "CITRO",
    "categories": [
      1,
      1001,
      1001004
    ],
    "productName": "DZ.VĪNA DZĒRIENS ZOLOTOJE PRAZDNICNOJE 10% 0.75L",
    "productPriceOld": null,
    "productPrice": null,
    "productPricePerUnit": {
      "value": 5.19,
      "unit": "€/L"
    },
    "productPriceWithLoyaltyCard": null,
    "productPricePerUnitWithLoyaltyCard": null,
    "imageUrl": "https://rezekne.citro.lv/wp-content/uploads/2024/12/4770595232181-300x300.jpg",
    "available": true,
    "discount": null
  },
  {
    "shop": "MAXIMA",
    "categories": [
      1,
      1001,
      1001003
    ],
    "productName": "Vīns GRAN CASTILLO CAB.S.SHIRAZ 12% 3L",
    "productPriceOld": {
      "value": 24.96,
      "unit": "€"
    },
    "productPrice": {
      "value": 24.96,
      "unit": "€"
    },
    "productPricePerUnit": {
      "value": 8.32,
      "unit": "€/l"
    },
    "productPriceWithLoyaltyCard": {
      "value": 15.59,
      "unit": "€"
    },
    "productPricePerUnitWithLoyaltyCard": {
      "value": 5.2,
      "unit": "€/l"
    },
    "imageUrl": "https://cdn.barbora.lv/products/0a7016db-a168-4ec0-bf0f-50b8676a3f9e_s.png",
    "available": true,
    "discount": 38
  },
  {
    "shop": "MAXIMA",
    "categories": [
      1,
      1001,
      1001003
    ],
    "productName": "VĪNS GRAN CASTILLO VUIRA CH.BIB 11% 3L",
    "productPriceOld": {
      "value": 24.96,
      "unit": "€"
    },
    "productPrice": {
      "value": 24.96,
      "unit": "€"
    },
    "productPricePerUnit": {
      "value": 8.32,
      "unit": "€/l"
    },
    "productPriceWithLoyaltyCard": {
      "value": 15.59,
      "unit": "€"
    },
    "productPricePerUnitWithLoyaltyCard": {
      "value": 5.2,
      "unit": "€/l"
    },
    "imageUrl": "https://cdn.barbora.lv/products/b405245a-5eba-4e8b-bdca-7ee17a0d29dd_s.png",
    "available": true,
    "discount": 38
  },
  {
    "shop": "MAXIMA",
    "categories": [
      1,
      1001,
      1001003
    ],
    "productName": "Vīns BOLLINO BIANCO 10% 3L",
    "productPriceOld": null,
    "productPrice": {
      "value": 15.59,
      "unit": "€"
    },
    "productPricePerUnit": {
      "value": 5.2,
      "unit": "€/l"
    },
    "productPriceWithLoyaltyCard": null,
    "productPricePerUnitWithLoyaltyCard": null,
    "imageUrl": "https://cdn.barbora.lv/products/f57eae27-bfb4-496a-afee-ec9f7dc18663_s.png",
    "available": true,
    "discount": null
  },
  {
    "shop": "MAXIMA",
    "categories": [
      1,
      1001,
      1001003
    ],
    "productName": "Vīns BOLLINO ROSSO 10% 3L",
    "productPriceOld": null,
    "productPrice": {
      "value": 15.59,
      "unit": "€"
    },
    "productPricePerUnit": {
      "value": 5.2,
      "unit": "€/l"
    },
    "productPriceWithLoyaltyCard": null,
    "productPricePerUnitWithLoyaltyCard": null,
    "imageUrl": "https://cdn.barbora.lv/products/f750f79c-e4c9-4828-95f2-bcfb9e9cf891_s.png",
    "available": true,
    "discount": null
  },
  {
    "shop": "RIMI",
    "categories": [
      1,
      1002,
      10010021
    ],
    "productName": "Gāzēts dzēriens Fanta ar meža ogu garšu 355ml",
    "productPriceOld": null,
    "productPrice": {
      "value": 1.85,
      "unit": "€/gab"
    },
    "productPricePerUnit": {
      "value": 5.21,
      "unit": "€/l"
    },
    "productPriceWithLoyaltyCard": null,
    "productPricePerUnitWithLoyaltyCard": null,
    "imageUrl": "https://rimibaltic-res.cloudinary.com/image/upload/d_ecommerce:backend-fallback.png/MAT_1371790_PCE_LV",
    "available": true,
    "discount": null
  },
  {
    "shop": "RIMI",
    "categories": [
      1,
      1001,
      1001001
    ],
    "productName": "Alus Corona Extra 4,5% 0,355l",
    "productPriceOld": null,
    "productPrice": {
      "value": 1.85,
      "unit": "€/gab"
    },
    "productPricePerUnit": {
      "value": 5.21,
      "unit": "€/l"
    },
    "productPriceWithLoyaltyCard": null,
    "productPricePerUnitWithLoyaltyCard": null,
    "imageUrl": "https://rimibaltic-res.cloudinary.com/image/upload/d_ecommerce:backend-fallback.png/MAT_1371038_PCE_LV",
    "available": true,
    "discount": null
  },
  {
    "shop": "MAXIMA",
    "categories": [
      1,
      1001,
      1001001
    ],
    "productName": "Alus CORONA EXTRA 4,5% 6x330ml sk.D",
    "productPriceOld": null,
    "productPrice": {
      "value": 10.32,
      "unit": "€"
    },
    "productPricePerUnit": {
      "value": 5.21,
      "unit": "€/l"
    },
    "productPriceWithLoyaltyCard": null,
    "productPricePerUnitWithLoyaltyCard": null,
    "imageUrl": "https://cdn.barbora.lv/products/a8a972db-b0b4-4526-859b-66a0b51b8e5c_s.png",
    "available": true,
    "discount": null
  },
  {
    "shop": "CITRO",
    "categories": [
      1,
      1002,
      10010022
    ],
    "productName": "RED BULL SLEEK CAN ENERĢIJAS DZĒR. 0.355ML",
    "productPriceOld": {
      "value": 1.99,
      "unit": "€"
    },
    "productPrice": {
      "value": 1.85,
      "unit": "€"
    },
    "productPricePerUnit": {
      "value": 5.21,
      "unit": "€/L"
    },
    "productPriceWithLoyaltyCard": null,
    "productPricePerUnitWithLoyaltyCard": null,
    "imageUrl": "https://rezekne.citro.lv/wp-content/uploads/2022/02/9002490257224-300x300.jpg",
    "available": true,
    "discount": 7
  },
  {
    "shop": "CITRO",
    "categories": [
      1,
      1002,
      10010022
    ],
    "productName": "ENERĢIJAS DZĒRIENS RED BULL SUGAR FREE 0.355L CAN",
    "productPriceOld": {
      "value": 1.99,
      "unit": "€"
    },
    "productPrice": {
      "value": 1.85,
      "unit": "€"
    },
    "productPricePerUnit": {
      "value": 5.21,
      "unit": "€/L"
    },
    "productPriceWithLoyaltyCard": null,
    "productPricePerUnitWithLoyaltyCard": null,
    "imageUrl": "https://rezekne.citro.lv/wp-content/uploads/2024/10/90446184-300x300.jpg",
    "available": true,
    "discount": 7
  },
  {
    "shop": "MAXIMA",
    "categories": [
      1,
      1001,
      1001001
    ],
    "productName": "Alus UŽAVAS Kviešu 4,9% 0,5L D",
    "productPriceOld": null,
    "productPrice": {
      "value": 2.61,
      "unit": "€"
    },
    "productPricePerUnit": {
      "value": 5.22,
      "unit": "€/l"
    },
    "productPriceWithLoyaltyCard": null,
    "productPricePerUnitWithLoyaltyCard": null,
    "imageUrl": "https://cdn.barbora.lv/products/4eeee266-0792-40c8-964c-ee7b5e566349_s.png",
    "available": true,
    "discount": null
  },
  {
    "shop": "MAXIMA",
    "categories": [
      2,
      2001,
      2001004
    ],
    "productName": "Rudzu rupjmaize LIELEZERS sagriezta 400g",
    "productPriceOld": null,
    "productPrice": {
      "value": 2.09,
      "unit": "€"
    },
    "productPricePerUnit": {
      "value": 5.23,
      "unit": "€/kg"
    },
    "productPriceWithLoyaltyCard": null,
    "productPricePerUnitWithLoyaltyCard": null,
    "imageUrl": "https://cdn.barbora.lv/products/66713936-d0af-4bd1-af84-c2214fb9cc41_s.png",
    "available": true,
    "discount": null
  },
  {
    "shop": "RIMI",
    "categories": [
      2,
      2001,
      2001005
    ],
    "productName": "Kviešu saldskābmaize Ķelmēni sagr. BIO 380g",
    "productPriceOld": null,
    "productPrice": {
      "value": 1.99,
      "unit": "€/gab"
    },
    "productPricePerUnit": {
      "value": 5.24,
      "unit": "€/kg"
    },
    "productPriceWithLoyaltyCard": null,
    "productPricePerUnitWithLoyaltyCard": null,
    "imageUrl": "https://rimibaltic-res.cloudinary.com/image/upload/d_ecommerce:backend-fallback.png/MAT_211636_PCE_LV",
    "available": true,
    "discount": null
  },
  {
    "shop": "MAXIMA",
    "categories": [
      1,
      1001,
      1001001
    ],
    "productName": "Alus MEŽPILS Saules eils 5,7% 0,5L D",
    "productPriceOld": null,
    "productPrice": {
      "value": 2.62,
      "unit": "€"
    },
    "productPricePerUnit": {
      "value": 5.24,
      "unit": "€/l"
    },
    "productPriceWithLoyaltyCard": null,
    "productPricePerUnitWithLoyaltyCard": null,
    "imageUrl": "https://cdn.barbora.lv/products/493b8b26-4ac7-43e4-bcbc-c84b13479855_s.png",
    "available": true,
    "discount": null
  },
  {
    "shop": "MAXIMA",
    "categories": [
      2,
      2001,
      2001005
    ],
    "productName": "Saldskābmaize kviešu ĶELMĒNI sagriezta 380g",
    "productPriceOld": null,
    "productPrice": {
      "value": 1.99,
      "unit": "€"
    },
    "productPricePerUnit": {
      "value": 5.24,
      "unit": "€/kg"
    },
    "productPriceWithLoyaltyCard": null,
    "productPricePerUnitWithLoyaltyCard": null,
    "imageUrl": "https://cdn.barbora.lv/products/47e55b1b-40f8-4397-a214-d5da94eb6a07_s.png",
    "available": true,
    "discount": null
  },
  {
    "shop": "CITRO",
    "categories": [
      2,
      2001,
      20010015
    ],
    "productName": "TORTILLA FAZER STREET FOOD KLASISKĀ 360G",
    "productPriceOld": {
      "value": 2.89,
      "unit": "€"
    },
    "productPrice": {
      "value": 1.89,
      "unit": "€"
    },
    "productPricePerUnit": {
      "value": 5.25,
      "unit": "€/KG"
    },
    "productPriceWithLoyaltyCard": null,
    "productPricePerUnitWithLoyaltyCard": null,
    "imageUrl": "https://rezekne.citro.lv/wp-content/uploads/2020/07/Citro-image-placeholder-3.png",
    "available": true,
    "discount": 35
  },
  {
    "shop": "MAXIMA",
    "categories": [
      2,
      2008
    ],
    "productName": "Virtulis ar asorti ievārījumu 55g atkausēts",
    "productPriceOld": null,
    "productPrice": {
      "value": 0.29,
      "unit": "€"
    },
    "productPricePerUnit": {
      "value": 5.27,
      "unit": "€/kg"
    },
    "productPriceWithLoyaltyCard": null,
    "productPricePerUnitWithLoyaltyCard": null,
    "imageUrl": "https://cdn.barbora.lv/products/dddbdacb-0ee9-4d45-840f-bec450e38531_s.png",
    "available": true,
    "discount": null
  },
  {
    "shop": "MAXIMA",
    "categories": [
      2,
      2001,
      2001003,
      2001001
    ],
    "productName": "Tostermaize Toste gaišā pilngr.auzu 350g",
    "productPriceOld": null,
    "productPrice": {
      "value": 1.85,
      "unit": "€"
    },
    "productPricePerUnit": {
      "value": 5.29,
      "unit": "€/kg"
    },
    "productPriceWithLoyaltyCard": null,
    "productPricePerUnitWithLoyaltyCard": null,
    "imageUrl": "https://cdn.barbora.lv/products/76ea662a-c07d-4583-84e1-acd389a44742_s.png",
    "available": true,
    "discount": null
  },
  {
    "shop": "RIMI",
    "categories": [
      2,
      2001,
      2001004,
      2001001
    ],
    "productName": "Pilngr. rudzu maize Flora ar diedzēt. gr.300g",
    "productPriceOld": null,
    "productPrice": {
      "value": 1.59,
      "unit": "€/gab"
    },
    "productPricePerUnit": {
      "value": 5.3,
      "unit": "€/kg"
    },
    "productPriceWithLoyaltyCard": null,
    "productPricePerUnitWithLoyaltyCard": null,
    "imageUrl": "https://rimibaltic-res.cloudinary.com/image/upload/d_ecommerce:backend-fallback.png/MAT_966527_PCE_LV",
    "available": true,
    "discount": null
  },
  {
    "shop": "RIMI",
    "categories": [
      1,
      1001,
      1001001
    ],
    "productName": "Alus Mežpils Saules Eils 5,7% 0,5l",
    "productPriceOld": null,
    "productPrice": {
      "value": 2.65,
      "unit": "€/gab"
    },
    "productPricePerUnit": {
      "value": 5.3,
      "unit": "€/l"
    },
    "productPriceWithLoyaltyCard": null,
    "productPricePerUnitWithLoyaltyCard": null,
    "imageUrl": "https://rimibaltic-res.cloudinary.com/image/upload/d_ecommerce:backend-fallback.png/MAT_1371537_PCE_LV",
    "available": true,
    "discount": null
  },
  {
    "shop": "MAXIMA",
    "categories": [
      1,
      1002,
      10010020
    ],
    "productName": "Smūtijs WELL DONE Tropical Dream 300ml D",
    "productPriceOld": null,
    "productPrice": {
      "value": 1.59,
      "unit": "€"
    },
    "productPricePerUnit": {
      "value": 5.3,
      "unit": "€/l"
    },
    "productPriceWithLoyaltyCard": null,
    "productPricePerUnitWithLoyaltyCard": null,
    "imageUrl": "https://cdn.barbora.lv/products/45f37525-afbb-441c-a672-6c3f0b1755b0_s.png",
    "available": true,
    "discount": null
  },
  {
    "shop": "MAXIMA",
    "categories": [
      1,
      1002,
      10010020
    ],
    "productName": "Smūtijs WELL DONE Wonder Green 300ml D",
    "productPriceOld": null,
    "productPrice": {
      "value": 1.59,
      "unit": "€"
    },
    "productPricePerUnit": {
      "value": 5.3,
      "unit": "€/l"
    },
    "productPriceWithLoyaltyCard": null,
    "productPricePerUnitWithLoyaltyCard": null,
    "imageUrl": "https://cdn.barbora.lv/products/1619cc53-bbd1-4263-9ea6-9704b731b369_s.png",
    "available": true,
    "discount": null
  },
  {
    "shop": "MAXIMA",
    "categories": [
      1,
      1002,
      10010020
    ],
    "productName": "Smūtijs WELL DONE Berry Beats 300ml D",
    "productPriceOld": null,
    "productPrice": {
      "value": 1.59,
      "unit": "€"
    },
    "productPricePerUnit": {
      "value": 5.3,
      "unit": "€/l"
    },
    "productPriceWithLoyaltyCard": null,
    "productPricePerUnitWithLoyaltyCard": null,
    "imageUrl": "https://cdn.barbora.lv/products/e3bd7701-160d-4a58-85ac-88919792dede_s.png",
    "available": true,
    "discount": null
  },
  {
    "shop": "MAXIMA",
    "categories": [
      1,
      1002,
      10010020
    ],
    "productName": "Sulas dzēriens SURPRISE ābolu g. 0,3L D",
    "productPriceOld": null,
    "productPrice": {
      "value": 1.59,
      "unit": "€"
    },
    "productPricePerUnit": {
      "value": 5.3,
      "unit": "€/l"
    },
    "productPriceWithLoyaltyCard": null,
    "productPricePerUnitWithLoyaltyCard": null,
    "imageUrl": "https://cdn.barbora.lv/products/8945d8c0-2287-4235-aa21-ac4aedb6728f_s.png",
    "available": true,
    "discount": null
  },
  {
    "shop": "MAXIMA",
    "categories": [
      1,
      1002,
      10010020
    ],
    "productName": "Sulas dzēr. SURPRISE zemeņu g. 0,3L D",
    "productPriceOld": null,
    "productPrice": {
      "value": 1.59,
      "unit": "€"
    },
    "productPricePerUnit": {
      "value": 5.3,
      "unit": "€/l"
    },
    "productPriceWithLoyaltyCard": null,
    "productPricePerUnitWithLoyaltyCard": null,
    "imageUrl": "https://cdn.barbora.lv/products/8c939ece-c9f8-4ecd-aa60-51bb8067e7cf_s.png",
    "available": true,
    "discount": null
  },
  {
    "shop": "MAXIMA",
    "categories": [
      1,
      1002,
      10010020
    ],
    "productName": "Sulas dz. SURPRISE multiaugļu g. 0,3L D",
    "productPriceOld": null,
    "productPrice": {
      "value": 1.59,
      "unit": "€"
    },
    "productPricePerUnit": {
      "value": 5.3,
      "unit": "€/l"
    },
    "productPriceWithLoyaltyCard": null,
    "productPricePerUnitWithLoyaltyCard": null,
    "imageUrl": "https://cdn.barbora.lv/products/33e5d70f-9aa0-4638-97d8-518289adbcc4_s.png",
    "available": true,
    "discount": null
  },
  {
    "shop": "MAXIMA",
    "categories": [
      1,
      1003,
      1003001
    ],
    "productName": "Alus BAVARIA IPA 0% bezalkohol. 330ml D",
    "productPriceOld": null,
    "productPrice": {
      "value": 1.75,
      "unit": "€"
    },
    "productPricePerUnit": {
      "value": 5.3,
      "unit": "€/l"
    },
    "productPriceWithLoyaltyCard": null,
    "productPricePerUnitWithLoyaltyCard": null,
    "imageUrl": "https://cdn.barbora.lv/products/844fedad-2856-4cf2-8aae-5ef397c152aa_s.png",
    "available": true,
    "discount": null
  },
  {
    "shop": "RIMI",
    "categories": [
      2,
      2001,
      2001003
    ],
    "productName": "Sēklu tostermaize bagātīgā 450g",
    "productPriceOld": null,
    "productPrice": {
      "value": 2.39,
      "unit": "€/gab"
    },
    "productPricePerUnit": {
      "value": 5.31,
      "unit": "€/kg"
    },
    "productPriceWithLoyaltyCard": null,
    "productPricePerUnitWithLoyaltyCard": null,
    "imageUrl": "https://rimibaltic-res.cloudinary.com/image/upload/d_ecommerce:backend-fallback.png/MAT_948041_PCE_LV",
    "available": true,
    "discount": null
  },
  {
    "shop": "RIMI",
    "categories": [
      2,
      2001,
      2001005
    ],
    "productName": "Īsta saldskābmaize Lāči no lielā kukuļa 310g",
    "productPriceOld": {
      "value": 1.95,
      "unit": "€"
    },
    "productPrice": {
      "value": 1.65,
      "unit": "€/gab"
    },
    "productPricePerUnit": {
      "value": 5.32,
      "unit": "€/kg"
    },
    "productPriceWithLoyaltyCard": null,
    "productPricePerUnitWithLoyaltyCard": null,
    "imageUrl": "https://rimibaltic-res.cloudinary.com/image/upload/d_ecommerce:backend-fallback.png/MAT_276537_PCE_LV",
    "available": true,
    "discount": 15
  },
  {
    "shop": "RIMI",
    "categories": [
      2,
      2001,
      2001006
    ],
    "productName": "Rupjmaize Lāči Īstā 310g",
    "productPriceOld": {
      "value": 1.95,
      "unit": "€"
    },
    "productPrice": {
      "value": 1.65,
      "unit": "€/gab"
    },
    "productPricePerUnit": {
      "value": 5.32,
      "unit": "€/kg"
    },
    "productPriceWithLoyaltyCard": null,
    "productPricePerUnitWithLoyaltyCard": null,
    "imageUrl": "https://rimibaltic-res.cloudinary.com/image/upload/d_ecommerce:backend-fallback.png/MAT_927293_PCE_LV",
    "available": true,
    "discount": 15
  },
  {
    "shop": "RIMI",
    "categories": [
      1,
      1002,
      10010021
    ],
    "productName": "Dzēriens Rīgas bezalkoholisks gāzēts 0,75l",
    "productPriceOld": null,
    "productPrice": {
      "value": 3.99,
      "unit": "€/gab"
    },
    "productPricePerUnit": {
      "value": 5.32,
      "unit": "€/l"
    },
    "productPriceWithLoyaltyCard": null,
    "productPricePerUnitWithLoyaltyCard": null,
    "imageUrl": "https://rimibaltic-res.cloudinary.com/image/upload/d_ecommerce:backend-fallback.png/MAT_159493_PCE_LV",
    "available": true,
    "discount": null
  },
  {
    "shop": "RIMI",
    "categories": [
      1,
      1001,
      1001003
    ],
    "productName": "B.v. Elegido Airen-Sauvignon 12% 0,75l",
    "productPriceOld": null,
    "productPrice": {
      "value": 7.69,
      "unit": "€/gab"
    },
    "productPricePerUnit": {
      "value": 10.25,
      "unit": "€/l"
    },
    "productPriceWithLoyaltyCard": {
      "value": 3.99,
      "unit": "€"
    },
    "productPricePerUnitWithLoyaltyCard": {
      "value": 5.32,
      "unit": "€/l"
    },
    "imageUrl": "https://rimibaltic-res.cloudinary.com/image/upload/d_ecommerce:backend-fallback.png/MAT_7221059_PCE_LV",
    "available": true,
    "discount": 48
  },
  {
    "shop": "RIMI",
    "categories": [
      1,
      1001,
      1001002
    ],
    "productName": "Sidrs Apple Garden rabarberu 6% 0,75l",
    "productPriceOld": null,
    "productPrice": {
      "value": 5.39,
      "unit": "€/gab"
    },
    "productPricePerUnit": {
      "value": 7.19,
      "unit": "€/l"
    },
    "productPriceWithLoyaltyCard": {
      "value": 3.99,
      "unit": "€"
    },
    "productPricePerUnitWithLoyaltyCard": {
      "value": 5.32,
      "unit": "€/l"
    },
    "imageUrl": "https://rimibaltic-res.cloudinary.com/image/upload/d_ecommerce:backend-fallback.png/MAT_1373132_PCE_LV",
    "available": true,
    "discount": 26
  },
  {
    "shop": "RIMI",
    "categories": [
      1,
      1001,
      1001002
    ],
    "productName": "Sidrs Apple Garden sausais 6% 0,75l",
    "productPriceOld": null,
    "productPrice": {
      "value": 5.39,
      "unit": "€/gab"
    },
    "productPricePerUnit": {
      "value": 7.19,
      "unit": "€/l"
    },
    "productPriceWithLoyaltyCard": {
      "value": 3.99,
      "unit": "€"
    },
    "productPricePerUnitWithLoyaltyCard": {
      "value": 5.32,
      "unit": "€/l"
    },
    "imageUrl": "https://rimibaltic-res.cloudinary.com/image/upload/d_ecommerce:backend-fallback.png/MAT_1373133_PCE_LV",
    "available": true,
    "discount": 26
  },
  {
    "shop": "MAXIMA",
    "categories": [
      1,
      1002,
      10010021
    ],
    "productName": "Gāzēts dzēriens RĪGAS bezalkohol.0,75L D",
    "productPriceOld": null,
    "productPrice": {
      "value": 3.99,
      "unit": "€"
    },
    "productPricePerUnit": {
      "value": 5.32,
      "unit": "€/l"
    },
    "productPriceWithLoyaltyCard": null,
    "productPricePerUnitWithLoyaltyCard": null,
    "imageUrl": "https://cdn.barbora.lv/products/ca3b7b95-8e7d-4ec6-8fa4-1134d5dc2cdf_s.png",
    "available": true,
    "discount": null
  },
  {
    "shop": "MAXIMA",
    "categories": [
      1,
      1003,
      1003004
    ],
    "productName": "Dealk.dz.vīna dzēr.TORLEY Roza 750ml D",
    "productPriceOld": {
      "value": 4.89,
      "unit": "€"
    },
    "productPrice": {
      "value": 4.89,
      "unit": "€"
    },
    "productPricePerUnit": {
      "value": 6.52,
      "unit": "€/l"
    },
    "productPriceWithLoyaltyCard": {
      "value": 3.99,
      "unit": "€"
    },
    "productPricePerUnitWithLoyaltyCard": {
      "value": 5.32,
      "unit": "€/l"
    },
    "imageUrl": "https://cdn.barbora.lv/products/ce7d3329-3a4e-479e-8561-070b90485bd1_s.png",
    "available": true,
    "discount": 18
  },
  {
    "shop": "MAXIMA",
    "categories": [
      1,
      1003,
      1003004
    ],
    "productName": "Dealkoh.dz.vīna dzēriens TORLEY 750ml D",
    "productPriceOld": {
      "value": 5.69,
      "unit": "€"
    },
    "productPrice": {
      "value": 5.69,
      "unit": "€"
    },
    "productPricePerUnit": {
      "value": 7.59,
      "unit": "€/l"
    },
    "productPriceWithLoyaltyCard": {
      "value": 3.99,
      "unit": "€"
    },
    "productPricePerUnitWithLoyaltyCard": {
      "value": 5.32,
      "unit": "€/l"
    },
    "imageUrl": "https://cdn.barbora.lv/products/3120cbc8-004a-465c-a60a-bd390b511570_s.png",
    "available": true,
    "discount": 30
  },
  {
    "shop": "MAXIMA",
    "categories": [
      1,
      1001,
      1001003
    ],
    "productName": "Dzisktošais vīna dzēriens Frizzantini Sweet 10,5% 0,75L",
    "productPriceOld": {
      "value": 5.54,
      "unit": "€"
    },
    "productPrice": {
      "value": 5.54,
      "unit": "€"
    },
    "productPricePerUnit": {
      "value": 7.39,
      "unit": "€/l"
    },
    "productPriceWithLoyaltyCard": {
      "value": 3.99,
      "unit": "€"
    },
    "productPricePerUnitWithLoyaltyCard": {
      "value": 5.32,
      "unit": "€/l"
    },
    "imageUrl": "https://cdn.barbora.lv/products/50830bbe-c0ad-42b1-8b61-2594cf4e22c6_s.png",
    "available": true,
    "discount": 28
  },
  {
    "shop": "MAXIMA",
    "categories": [
      2,
      2001,
      2001004
    ],
    "productName": "Rudzu maize SĒJAS lielās šķ. ar gr. 280g",
    "productPriceOld": {
      "value": 1.65,
      "unit": "€"
    },
    "productPrice": {
      "value": 1.65,
      "unit": "€"
    },
    "productPricePerUnit": {
      "value": 5.89,
      "unit": "€/kg"
    },
    "productPriceWithLoyaltyCard": {
      "value": 1.49,
      "unit": "€"
    },
    "productPricePerUnitWithLoyaltyCard": {
      "value": 5.32,
      "unit": "€/kg"
    },
    "imageUrl": "https://cdn.barbora.lv/products/d809e361-11d6-4a09-917f-fbf97e1eb0df_s.png",
    "available": true,
    "discount": 10
  },
  {
    "shop": "CITRO",
    "categories": [
      1,
      1001,
      1001004
    ],
    "productName": "DZ.VĪNS FORTUNATA PUSSALDS 10% 0.75L",
    "productPriceOld": {
      "value": 4.99,
      "unit": "€"
    },
    "productPrice": {
      "value": 3.99,
      "unit": "€"
    },
    "productPricePerUnit": {
      "value": 5.32,
      "unit": "€/L"
    },
    "productPriceWithLoyaltyCard": null,
    "productPricePerUnitWithLoyaltyCard": null,
    "imageUrl": "https://rezekne.citro.lv/wp-content/uploads/2020/12/4770047232769-300x300.jpg",
    "available": true,
    "discount": 20
  },
  {
    "shop": "CITRO",
    "categories": [
      1,
      1001,
      1001004
    ],
    "productName": "DZ.VĪNS FORTUNATA SWEET 10% 0.75L",
    "productPriceOld": {
      "value": 4.99,
      "unit": "€"
    },
    "productPrice": {
      "value": 3.99,
      "unit": "€"
    },
    "productPricePerUnit": {
      "value": 5.32,
      "unit": "€/L"
    },
    "productPriceWithLoyaltyCard": null,
    "productPricePerUnitWithLoyaltyCard": null,
    "imageUrl": "https://rezekne.citro.lv/wp-content/uploads/2020/12/4770047232738-300x300.jpg",
    "available": true,
    "discount": 20
  },
  {
    "shop": "RIMI",
    "categories": [
      1,
      1001,
      1001003
    ],
    "productName": "B.v. Peter Mertes Liebfraumilch salds 9,5% 3l",
    "productPriceOld": null,
    "productPrice": {
      "value": 15.99,
      "unit": "€/gab"
    },
    "productPricePerUnit": {
      "value": 5.33,
      "unit": "€/l"
    },
    "productPriceWithLoyaltyCard": null,
    "productPricePerUnitWithLoyaltyCard": null,
    "imageUrl": "https://rimibaltic-res.cloudinary.com/image/upload/d_ecommerce:backend-fallback.png/MAT_7299471_PCE_LV",
    "available": true,
    "discount": null
  },
  {
    "shop": "RIMI",
    "categories": [
      2,
      2001,
      2001005
    ],
    "productName": "Īsta saldskābmaize Lāči 1/2 sagriezta 440g",
    "productPriceOld": null,
    "productPrice": {
      "value": 2.35,
      "unit": "€/gab"
    },
    "productPricePerUnit": {
      "value": 5.34,
      "unit": "€/kg"
    },
    "productPriceWithLoyaltyCard": null,
    "productPricePerUnitWithLoyaltyCard": null,
    "imageUrl": "https://rimibaltic-res.cloudinary.com/image/upload/d_ecommerce:backend-fallback.png/MAT_276539_PCE_LV",
    "available": true,
    "discount": null
  },
  {
    "shop": "MAXIMA",
    "categories": [
      1,
      1001,
      1001001
    ],
    "productName": "Alus MEDALUS ķiršu 5,5% 0,5L D",
    "productPriceOld": null,
    "productPrice": {
      "value": 2.68,
      "unit": "€"
    },
    "productPricePerUnit": {
      "value": 5.36,
      "unit": "€/l"
    },
    "productPriceWithLoyaltyCard": null,
    "productPricePerUnitWithLoyaltyCard": null,
    "imageUrl": "https://cdn.barbora.lv/products/92f77c45-987b-4d89-9712-efdc0b701164_s.png",
    "available": true,
    "discount": null
  },
  {
    "shop": "MAXIMA",
    "categories": [
      1,
      1001,
      1001003
    ],
    "productName": "Vīns GOCCIANELLO BIANCO tetrap. 10,5% 1L",
    "productPriceOld": null,
    "productPrice": {
      "value": 5.37,
      "unit": "€"
    },
    "productPricePerUnit": {
      "value": 5.37,
      "unit": "€/l"
    },
    "productPriceWithLoyaltyCard": null,
    "productPricePerUnitWithLoyaltyCard": null,
    "imageUrl": "https://cdn.barbora.lv/products/fa7c5dd8-2124-4392-97a3-da7f18552dd5_s.png",
    "available": true,
    "discount": null
  },
  {
    "shop": "MAXIMA",
    "categories": [
      1,
      1001,
      1001003
    ],
    "productName": "Vīns GOCCIANELLO ROSSO tetrap. 10,5% 1L",
    "productPriceOld": null,
    "productPrice": {
      "value": 5.37,
      "unit": "€"
    },
    "productPricePerUnit": {
      "value": 5.37,
      "unit": "€/l"
    },
    "productPriceWithLoyaltyCard": null,
    "productPricePerUnitWithLoyaltyCard": null,
    "imageUrl": "https://cdn.barbora.lv/products/8153c68b-ffad-4dfd-92b5-762eefcff784_s.png",
    "available": true,
    "discount": null
  },
  {
    "shop": "RIMI",
    "categories": [
      2,
      2008
    ],
    "productName": "Virtulis Mantinga ar asorti pild., atk. 65g",
    "productPriceOld": null,
    "productPrice": {
      "value": 0.35,
      "unit": "€/gab"
    },
    "productPricePerUnit": {
      "value": 5.38,
      "unit": "€/kg"
    },
    "productPriceWithLoyaltyCard": null,
    "productPricePerUnitWithLoyaltyCard": null,
    "imageUrl": "https://rimibaltic-res.cloudinary.com/image/upload/d_ecommerce:backend-fallback.png/MAT_1017129_PCE_LV",
    "available": true,
    "discount": null
  },
  {
    "shop": "RIMI",
    "categories": [
      2,
      2001,
      20010014
    ],
    "productName": "Augļu maize Gardmaize ar riekstiem 500g",
    "productPriceOld": {
      "value": 3.19,
      "unit": "€"
    },
    "productPrice": {
      "value": 2.69,
      "unit": "€/gab"
    },
    "productPricePerUnit": {
      "value": 5.38,
      "unit": "€/kg"
    },
    "productPriceWithLoyaltyCard": null,
    "productPricePerUnitWithLoyaltyCard": null,
    "imageUrl": "https://rimibaltic-res.cloudinary.com/image/upload/d_ecommerce:backend-fallback.png/MAT_4006043_PCE_LV",
    "available": true,
    "discount": 16
  },
  {
    "shop": "RIMI",
    "categories": [
      1,
      1001,
      1001001
    ],
    "productName": "Alus Užavas tumšais 4,9% 0,5l",
    "productPriceOld": null,
    "productPrice": {
      "value": 2.69,
      "unit": "€/gab"
    },
    "productPricePerUnit": {
      "value": 5.38,
      "unit": "€/l"
    },
    "productPriceWithLoyaltyCard": null,
    "productPricePerUnitWithLoyaltyCard": null,
    "imageUrl": "https://rimibaltic-res.cloudinary.com/image/upload/d_ecommerce:backend-fallback.png/MAT_459100_PCE_LV",
    "available": true,
    "discount": null
  },
  {
    "shop": "RIMI",
    "categories": [
      1,
      1001,
      1001001
    ],
    "productName": "Medalus Iļģuciema ķiršu 5,5% 0,5l",
    "productPriceOld": null,
    "productPrice": {
      "value": 2.69,
      "unit": "€/gab"
    },
    "productPricePerUnit": {
      "value": 5.38,
      "unit": "€/l"
    },
    "productPriceWithLoyaltyCard": null,
    "productPricePerUnitWithLoyaltyCard": null,
    "imageUrl": "https://rimibaltic-res.cloudinary.com/image/upload/d_ecommerce:backend-fallback.png/MAT_1358232_PCE_LV",
    "available": true,
    "discount": null
  },
  {
    "shop": "RIMI",
    "categories": [
      2,
      2001,
      2001006
    ],
    "productName": "Rupjmaize Lāči Īsta 1/2 sagriezta 480g",
    "productPriceOld": null,
    "productPrice": {
      "value": 2.59,
      "unit": "€/gab"
    },
    "productPricePerUnit": {
      "value": 5.4,
      "unit": "€/kg"
    },
    "productPriceWithLoyaltyCard": null,
    "productPricePerUnitWithLoyaltyCard": null,
    "imageUrl": "https://rimibaltic-res.cloudinary.com/image/upload/d_ecommerce:backend-fallback.png/MAT_211556_PCE_LV",
    "available": true,
    "discount": null
  },
  {
    "shop": "MAXIMA",
    "categories": [
      2,
      2005
    ],
    "productName": "Pīrāgs ar krēmu un rozīnēm MEISTARA MARKA 480g",
    "productPriceOld": {
      "value": 3.49,
      "unit": "€"
    },
    "productPrice": {
      "value": 2.59,
      "unit": "€"
    },
    "productPricePerUnit": {
      "value": 5.4,
      "unit": "€/kg"
    },
    "productPriceWithLoyaltyCard": null,
    "productPricePerUnitWithLoyaltyCard": null,
    "imageUrl": "https://cdn.barbora.lv/products/7d11fbc7-4d11-4a85-ba2f-1ea5fb895fdc_s.png",
    "available": true,
    "discount": 26
  },
  {
    "shop": "RIMI",
    "categories": [
      2,
      2001,
      20010014
    ],
    "productName": "Maiziņš LM ar grauzdētiem sīpoliem 240g",
    "productPriceOld": {
      "value": 1.45,
      "unit": "€"
    },
    "productPrice": {
      "value": 1.19,
      "unit": "€/gab"
    },
    "productPricePerUnit": {
      "value": 5.41,
      "unit": "€/kg"
    },
    "productPriceWithLoyaltyCard": null,
    "productPricePerUnitWithLoyaltyCard": null,
    "imageUrl": "https://rimibaltic-res.cloudinary.com/image/upload/d_ecommerce:backend-fallback.png/MAT_1014197_PCE_LV",
    "available": true,
    "discount": 18
  },
  {
    "shop": "RIMI",
    "categories": [
      2,
      2001,
      20010014
    ],
    "productName": "Maiziņš auzu 220g",
    "productPriceOld": {
      "value": 1.49,
      "unit": "€"
    },
    "productPrice": {
      "value": 1.19,
      "unit": "€/gab"
    },
    "productPricePerUnit": {
      "value": 5.41,
      "unit": "€/kg"
    },
    "productPriceWithLoyaltyCard": null,
    "productPricePerUnitWithLoyaltyCard": null,
    "imageUrl": "https://rimibaltic-res.cloudinary.com/image/upload/d_ecommerce:backend-fallback.png/MAT_938261_PCE_LV",
    "available": true,
    "discount": 20
  },
  {
    "shop": "RIMI",
    "categories": [
      2,
      2001,
      2001008
    ],
    "productName": "Graudu maize bez pievienota cukura 330g",
    "productPriceOld": null,
    "productPrice": {
      "value": 1.79,
      "unit": "€/gab"
    },
    "productPricePerUnit": {
      "value": 5.42,
      "unit": "€/kg"
    },
    "productPriceWithLoyaltyCard": null,
    "productPricePerUnitWithLoyaltyCard": null,
    "imageUrl": "https://rimibaltic-res.cloudinary.com/image/upload/d_ecommerce:backend-fallback.png/MAT_284559_PCE_LV",
    "available": true,
    "discount": null
  },
  {
    "shop": "RIMI",
    "categories": [
      1,
      1003,
      1003001
    ],
    "productName": "Bezalkoholiskais alus Kokmuižas Stauts 0,33l",
    "productPriceOld": {
      "value": 1.99,
      "unit": "€"
    },
    "productPrice": {
      "value": 1.79,
      "unit": "€/gab"
    },
    "productPricePerUnit": {
      "value": 5.42,
      "unit": "€/l"
    },
    "productPriceWithLoyaltyCard": null,
    "productPricePerUnitWithLoyaltyCard": null,
    "imageUrl": "https://rimibaltic-res.cloudinary.com/image/upload/d_ecommerce:backend-fallback.png/MAT_1375240_PCE_LV",
    "available": true,
    "discount": 10
  },
  {
    "shop": "RIMI",
    "categories": [
      1,
      1003,
      1003001
    ],
    "productName": "Bezalkoholiskais alus Corona Cero 0,0% 0,33l",
    "productPriceOld": null,
    "productPrice": {
      "value": 1.79,
      "unit": "€/gab"
    },
    "productPricePerUnit": {
      "value": 5.42,
      "unit": "€/l"
    },
    "productPriceWithLoyaltyCard": null,
    "productPricePerUnitWithLoyaltyCard": null,
    "imageUrl": "https://rimibaltic-res.cloudinary.com/image/upload/d_ecommerce:backend-fallback.png/MAT_1374112_PCE_LV",
    "available": true,
    "discount": null
  },
  {
    "shop": "RIMI",
    "categories": [
      1,
      1001,
      1001001
    ],
    "productName": "Alus Užavas gaišais 4,6% 0,33l",
    "productPriceOld": null,
    "productPrice": {
      "value": 1.79,
      "unit": "€/gab"
    },
    "productPricePerUnit": {
      "value": 5.42,
      "unit": "€/l"
    },
    "productPriceWithLoyaltyCard": null,
    "productPricePerUnitWithLoyaltyCard": null,
    "imageUrl": "https://rimibaltic-res.cloudinary.com/image/upload/d_ecommerce:backend-fallback.png/MAT_1364059_PCE_LV",
    "available": true,
    "discount": null
  },
  {
    "shop": "RIMI",
    "categories": [
      1,
      1001,
      1001001
    ],
    "productName": "Alus Užavas gaišais 4,6% 0,33l",
    "productPriceOld": null,
    "productPrice": {
      "value": 1.79,
      "unit": "€/gab"
    },
    "productPricePerUnit": {
      "value": 5.42,
      "unit": "€/l"
    },
    "productPriceWithLoyaltyCard": null,
    "productPricePerUnitWithLoyaltyCard": null,
    "imageUrl": "https://rimibaltic-res.cloudinary.com/image/upload/d_ecommerce:backend-fallback.png/MAT_1364059_PCE_LV",
    "available": true,
    "discount": null
  },
  {
    "shop": "RIMI",
    "categories": [
      1,
      1001,
      1001001
    ],
    "productName": "Alus Sol 4,5% 0,33l",
    "productPriceOld": null,
    "productPrice": {
      "value": 1.79,
      "unit": "€/gab"
    },
    "productPricePerUnit": {
      "value": 5.42,
      "unit": "€/l"
    },
    "productPriceWithLoyaltyCard": null,
    "productPricePerUnitWithLoyaltyCard": null,
    "imageUrl": "https://rimibaltic-res.cloudinary.com/image/upload/d_ecommerce:backend-fallback.png/MAT_1350772_PCE_LV",
    "available": true,
    "discount": null
  },
  {
    "shop": "MAXIMA",
    "categories": [
      1,
      1001,
      1001001
    ],
    "productName": "Alus CORONA Cero 0% 330ml D",
    "productPriceOld": null,
    "productPrice": {
      "value": 1.79,
      "unit": "€"
    },
    "productPricePerUnit": {
      "value": 5.42,
      "unit": "€/l"
    },
    "productPriceWithLoyaltyCard": null,
    "productPricePerUnitWithLoyaltyCard": null,
    "imageUrl": "https://cdn.barbora.lv/products/01e6365e-8be7-4567-afc4-cd3090525d49_s.png",
    "available": true,
    "discount": null
  },
  {
    "shop": "MAXIMA",
    "categories": [
      1,
      1003,
      1003001
    ],
    "productName": "Alus UŽAVAS bezalkoholiskais 330ml D",
    "productPriceOld": null,
    "productPrice": {
      "value": 1.79,
      "unit": "€"
    },
    "productPricePerUnit": {
      "value": 5.42,
      "unit": "€/l"
    },
    "productPriceWithLoyaltyCard": null,
    "productPricePerUnitWithLoyaltyCard": null,
    "imageUrl": "https://cdn.barbora.lv/products/01ca6394-2562-4c2c-b366-4254ed997690_s.png",
    "available": true,
    "discount": null
  },
  {
    "shop": "MAXIMA",
    "categories": [
      1,
      1001,
      1001001
    ],
    "productName": "Alus UŽAVAS tumšais 4,9% 0,5L D",
    "productPriceOld": null,
    "productPrice": {
      "value": 2.71,
      "unit": "€"
    },
    "productPricePerUnit": {
      "value": 5.42,
      "unit": "€/l"
    },
    "productPriceWithLoyaltyCard": null,
    "productPricePerUnitWithLoyaltyCard": null,
    "imageUrl": "https://cdn.barbora.lv/products/419f5b62-6608-47af-84df-5ffcac8235ac_s.png",
    "available": true,
    "discount": null
  },
  {
    "shop": "MAXIMA",
    "categories": [
      1,
      1001,
      1001005
    ],
    "productName": "Alk.kokt.GARAGE HARD LEMON 4% 0,275L D",
    "productPriceOld": null,
    "productPrice": {
      "value": 1.49,
      "unit": "€"
    },
    "productPricePerUnit": {
      "value": 5.42,
      "unit": "€/l"
    },
    "productPriceWithLoyaltyCard": null,
    "productPricePerUnitWithLoyaltyCard": null,
    "imageUrl": "https://cdn.barbora.lv/products/f5eb7273-4a10-4bd5-88a5-81e0709eb14d_s.png",
    "available": true,
    "discount": null
  },
  {
    "shop": "MAXIMA",
    "categories": [
      1,
      1001,
      1001002
    ],
    "productName": "Sidrs LUCKY DOG Aplle&Pear 5% 0,275L D",
    "productPriceOld": null,
    "productPrice": {
      "value": 1.49,
      "unit": "€"
    },
    "productPricePerUnit": {
      "value": 5.42,
      "unit": "€/l"
    },
    "productPriceWithLoyaltyCard": null,
    "productPricePerUnitWithLoyaltyCard": null,
    "imageUrl": "https://cdn.barbora.lv/products/27c51ab1-f968-42dc-acdd-80d2c54d94fa_s.png",
    "available": true,
    "discount": null
  },
  {
    "shop": "MAXIMA",
    "categories": [
      1,
      1001,
      1001002
    ],
    "productName": "Sidrs LUCKY DOG Apple&Vanilla 5% 0,275L",
    "productPriceOld": null,
    "productPrice": {
      "value": 1.49,
      "unit": "€"
    },
    "productPricePerUnit": {
      "value": 5.42,
      "unit": "€/l"
    },
    "productPriceWithLoyaltyCard": null,
    "productPricePerUnitWithLoyaltyCard": null,
    "imageUrl": "https://cdn.barbora.lv/products/f481d8af-33f3-4b13-b633-cef3c6d226a5_s.png",
    "available": true,
    "discount": null
  },
  {
    "shop": "MAXIMA",
    "categories": [
      1,
      1001,
      1001001
    ],
    "productName": "Alus PAULANER ORIGINAL 4,9% 0,5L sk.D",
    "productPriceOld": null,
    "productPrice": {
      "value": 2.71,
      "unit": "€"
    },
    "productPricePerUnit": {
      "value": 5.42,
      "unit": "€/l"
    },
    "productPriceWithLoyaltyCard": null,
    "productPricePerUnitWithLoyaltyCard": null,
    "imageUrl": "https://cdn.barbora.lv/products/3eb71129-50e8-43e8-8654-1758613fd7c4_s.png",
    "available": true,
    "discount": null
  },
  {
    "shop": "MAXIMA",
    "categories": [
      1,
      1001,
      1001001
    ],
    "productName": "Alus MILLER 4,7% 330ml D",
    "productPriceOld": null,
    "productPrice": {
      "value": 1.79,
      "unit": "€"
    },
    "productPricePerUnit": {
      "value": 5.42,
      "unit": "€/l"
    },
    "productPriceWithLoyaltyCard": null,
    "productPricePerUnitWithLoyaltyCard": null,
    "imageUrl": "https://cdn.barbora.lv/products/470c4fad-e7c7-4d79-b0f5-04824f2ecf28_s.png",
    "available": true,
    "discount": null
  },
  {
    "shop": "MAXIMA",
    "categories": [
      2,
      2001,
      20010014
    ],
    "productName": "Tumšās doniņas FAZER Street Food 330g",
    "productPriceOld": null,
    "productPrice": {
      "value": 1.79,
      "unit": "€"
    },
    "productPricePerUnit": {
      "value": 5.42,
      "unit": "€/kg"
    },
    "productPriceWithLoyaltyCard": null,
    "productPricePerUnitWithLoyaltyCard": null,
    "imageUrl": "https://cdn.barbora.lv/products/65d2a7ee-af9a-4350-b933-4b1431ffa3fd_s.png",
    "available": true,
    "discount": null
  },
  {
    "shop": "CITRO",
    "categories": [
      1,
      1001,
      1001005
    ],
    "productName": "ALK.KOKT.HARTWALL ORIGINAL LONG DRINK CRANBERRY 5.5% 0.33L",
    "productPriceOld": null,
    "productPrice": null,
    "productPricePerUnit": {
      "value": 5.42,
      "unit": "€/L"
    },
    "productPriceWithLoyaltyCard": null,
    "productPricePerUnitWithLoyaltyCard": null,
    "imageUrl": "https://rezekne.citro.lv/wp-content/uploads/2023/06/6413600000150-300x300.jpg",
    "available": true,
    "discount": null
  },
  {
    "shop": "MAXIMA",
    "categories": [
      1,
      1001,
      1001001
    ],
    "productName": "Alus PAULANER WEISBIER 5,5% 0,5L sk.D",
    "productPriceOld": null,
    "productPrice": {
      "value": 2.72,
      "unit": "€"
    },
    "productPricePerUnit": {
      "value": 5.44,
      "unit": "€/l"
    },
    "productPriceWithLoyaltyCard": null,
    "productPricePerUnitWithLoyaltyCard": null,
    "imageUrl": "https://cdn.barbora.lv/products/a676556a-b4a8-4d45-9586-525fd075de8f_s.png",
    "available": true,
    "discount": null
  },
  {
    "shop": "MAXIMA",
    "categories": [
      1,
      1002,
      10010020
    ],
    "productName": "Smūtijs HELLO mango 0,2L",
    "productPriceOld": null,
    "productPrice": {
      "value": 1.09,
      "unit": "€"
    },
    "productPricePerUnit": {
      "value": 5.45,
      "unit": "€/l"
    },
    "productPriceWithLoyaltyCard": null,
    "productPricePerUnitWithLoyaltyCard": null,
    "imageUrl": "https://cdn.barbora.lv/products/827a9769-a825-427f-ba26-048060faec84_s.png",
    "available": true,
    "discount": null
  },
  {
    "shop": "MAXIMA",
    "categories": [
      1,
      1002,
      10010020
    ],
    "productName": "Smūtijs HELLO zemeņu 0,2L",
    "productPriceOld": null,
    "productPrice": {
      "value": 1.09,
      "unit": "€"
    },
    "productPricePerUnit": {
      "value": 5.45,
      "unit": "€/l"
    },
    "productPriceWithLoyaltyCard": null,
    "productPricePerUnitWithLoyaltyCard": null,
    "imageUrl": "https://cdn.barbora.lv/products/120c8cdb-c345-49ca-b519-35f52ed5b11c_s.png",
    "available": true,
    "discount": null
  },
  {
    "shop": "MAXIMA",
    "categories": [
      1,
      1001,
      1001001
    ],
    "productName": "Alus SOL 4,2% 0,33L D",
    "productPriceOld": null,
    "productPrice": {
      "value": 1.8,
      "unit": "€"
    },
    "productPricePerUnit": {
      "value": 5.45,
      "unit": "€/l"
    },
    "productPriceWithLoyaltyCard": null,
    "productPricePerUnitWithLoyaltyCard": null,
    "imageUrl": "https://cdn.barbora.lv/products/644a0c6d-c69e-4d68-8647-6f4c1545f9fb_s.png",
    "available": true,
    "discount": null
  },
  {
    "shop": "MAXIMA",
    "categories": [
      1,
      1001,
      1001001
    ],
    "productName": "Alus SOLVEZA Extra 4,5% 0,33L D",
    "productPriceOld": null,
    "productPrice": {
      "value": 1.8,
      "unit": "€"
    },
    "productPricePerUnit": {
      "value": 5.45,
      "unit": "€/l"
    },
    "productPriceWithLoyaltyCard": null,
    "productPricePerUnitWithLoyaltyCard": null,
    "imageUrl": "https://cdn.barbora.lv/products/2787c7ad-5129-427a-8f8c-4e186b3dbf9e_s.png",
    "available": true,
    "discount": null
  },
  {
    "shop": "MAXIMA",
    "categories": [
      1,
      1001,
      1001001
    ],
    "productName": "Alus KOKMUIŽA Meksikānis 4,6% 0,33LD",
    "productPriceOld": null,
    "productPrice": {
      "value": 1.8,
      "unit": "€"
    },
    "productPricePerUnit": {
      "value": 5.45,
      "unit": "€/l"
    },
    "productPriceWithLoyaltyCard": null,
    "productPricePerUnitWithLoyaltyCard": null,
    "imageUrl": "https://cdn.barbora.lv/products/8eecc40e-171c-4d4d-9b8f-b5a5aebc707f_s.png",
    "available": true,
    "discount": null
  },
  {
    "shop": "MAXIMA",
    "categories": [
      1,
      1001,
      1001004
    ],
    "productName": "Dz. vīns CITY Secco White 10% 0,2L D",
    "productPriceOld": {
      "value": 1.39,
      "unit": "€"
    },
    "productPrice": {
      "value": 1.39,
      "unit": "€"
    },
    "productPricePerUnit": {
      "value": 6.95,
      "unit": "€/l"
    },
    "productPriceWithLoyaltyCard": {
      "value": 1.09,
      "unit": "€"
    },
    "productPricePerUnitWithLoyaltyCard": {
      "value": 5.45,
      "unit": "€/l"
    },
    "imageUrl": "https://cdn.barbora.lv/products/5e48e037-9949-431d-b164-b57caf4dc832_s.png",
    "available": true,
    "discount": 22
  },
  {
    "shop": "MAXIMA",
    "categories": [
      1,
      1001,
      1001004
    ],
    "productName": "Dz. vīns CITY Rosato 10% 0,2L D",
    "productPriceOld": {
      "value": 1.39,
      "unit": "€"
    },
    "productPrice": {
      "value": 1.39,
      "unit": "€"
    },
    "productPricePerUnit": {
      "value": 6.95,
      "unit": "€/l"
    },
    "productPriceWithLoyaltyCard": {
      "value": 1.09,
      "unit": "€"
    },
    "productPricePerUnitWithLoyaltyCard": {
      "value": 5.45,
      "unit": "€/l"
    },
    "imageUrl": "https://cdn.barbora.lv/products/7318969c-b116-48b7-bb25-9aee793a784f_s.png",
    "available": true,
    "discount": 22
  },
  {
    "shop": "MAXIMA",
    "categories": [
      1,
      1001,
      1001001
    ],
    "productName": "Alus KRONENBOURG 5% 0,33L D",
    "productPriceOld": null,
    "productPrice": {
      "value": 1.81,
      "unit": "€"
    },
    "productPricePerUnit": {
      "value": 5.48,
      "unit": "€/l"
    },
    "productPriceWithLoyaltyCard": null,
    "productPricePerUnitWithLoyaltyCard": null,
    "imageUrl": "https://cdn.barbora.lv/products/7b38a12f-2148-4bb5-8170-a6b302ba56b9_s.png",
    "available": true,
    "discount": null
  },
  {
    "shop": "RIMI",
    "categories": [
      1,
      1001,
      1001001
    ],
    "productName": "Alus Limburgse White 5% 0,5l",
    "productPriceOld": null,
    "productPrice": {
      "value": 2.75,
      "unit": "€/gab"
    },
    "productPricePerUnit": {
      "value": 5.5,
      "unit": "€/l"
    },
    "productPriceWithLoyaltyCard": null,
    "productPricePerUnitWithLoyaltyCard": null,
    "imageUrl": "https://rimibaltic-res.cloudinary.com/image/upload/d_ecommerce:backend-fallback.png/MAT_1374302_PCE_LV",
    "available": true,
    "discount": null
  },
  {
    "shop": "RIMI",
    "categories": [
      2,
      2001,
      2001006
    ],
    "productName": "Rupjmaize Dzirnavu Borodina 250g",
    "productPriceOld": null,
    "productPrice": {
      "value": 1.39,
      "unit": "€/gab"
    },
    "productPricePerUnit": {
      "value": 5.56,
      "unit": "€/kg"
    },
    "productPriceWithLoyaltyCard": null,
    "productPricePerUnitWithLoyaltyCard": null,
    "imageUrl": "https://rimibaltic-res.cloudinary.com/image/upload/d_ecommerce:backend-fallback.png/MAT_299244_PCE_LV",
    "available": true,
    "discount": null
  },
  {
    "shop": "RIMI",
    "categories": [
      1,
      1002,
      10010021
    ],
    "productName": "Gāz.dz. Chupa Chups skābas mell.g. 250ml",
    "productPriceOld": null,
    "productPrice": {
      "value": 1.39,
      "unit": "€/gab"
    },
    "productPricePerUnit": {
      "value": 5.56,
      "unit": "€/l"
    },
    "productPriceWithLoyaltyCard": null,
    "productPricePerUnitWithLoyaltyCard": null,
    "imageUrl": "https://rimibaltic-res.cloudinary.com/image/upload/d_ecommerce:backend-fallback.png/MAT_1374504_PCE_LV",
    "available": true,
    "discount": null
  },
  {
    "shop": "RIMI",
    "categories": [
      1,
      1002,
      10010021
    ],
    "productName": "Gāz.dz. Chupa Chups skābās zem. g. 250ml",
    "productPriceOld": null,
    "productPrice": {
      "value": 1.39,
      "unit": "€/gab"
    },
    "productPricePerUnit": {
      "value": 5.56,
      "unit": "€/l"
    },
    "productPriceWithLoyaltyCard": null,
    "productPricePerUnitWithLoyaltyCard": null,
    "imageUrl": "https://rimibaltic-res.cloudinary.com/image/upload/d_ecommerce:backend-fallback.png/MAT_1374511_PCE_LV",
    "available": true,
    "discount": null
  },
  {
    "shop": "MAXIMA",
    "categories": [
      1,
      1002,
      10010021
    ],
    "productName": "Gāzēts dzēriens MILKIS banānu 0,25L D",
    "productPriceOld": null,
    "productPrice": {
      "value": 1.39,
      "unit": "€"
    },
    "productPricePerUnit": {
      "value": 5.56,
      "unit": "€/l"
    },
    "productPriceWithLoyaltyCard": null,
    "productPricePerUnitWithLoyaltyCard": null,
    "imageUrl": "https://cdn.barbora.lv/products/9d3559bc-4f63-490d-8d34-dca168b24f3e_s.png",
    "available": true,
    "discount": null
  },
  {
    "shop": "MAXIMA",
    "categories": [
      1,
      1002,
      10010021
    ],
    "productName": "Gāzēts dzēriens MILKIS zemeņu 0,25L D",
    "productPriceOld": null,
    "productPrice": {
      "value": 1.39,
      "unit": "€"
    },
    "productPricePerUnit": {
      "value": 5.56,
      "unit": "€/l"
    },
    "productPriceWithLoyaltyCard": null,
    "productPricePerUnitWithLoyaltyCard": null,
    "imageUrl": "https://cdn.barbora.lv/products/57ebc20d-710b-47a6-b363-bbf07d1314b7_s.png",
    "available": true,
    "discount": null
  },
  {
    "shop": "MAXIMA",
    "categories": [
      2,
      2001,
      2001002
    ],
    "productName": "Baltmaize ĪSTĀ 250g",
    "productPriceOld": null,
    "productPrice": {
      "value": 1.39,
      "unit": "€"
    },
    "productPricePerUnit": {
      "value": 5.56,
      "unit": "€/kg"
    },
    "productPriceWithLoyaltyCard": null,
    "productPricePerUnitWithLoyaltyCard": null,
    "imageUrl": "https://cdn.barbora.lv/products/d41355ce-7904-4479-aecc-d0ceee55a415_s.png",
    "available": true,
    "discount": null
  },
  {
    "shop": "MAXIMA",
    "categories": [
      2,
      2001,
      2001007
    ],
    "productName": "Maize kliju sagriezta  FLORA 250g",
    "productPriceOld": null,
    "productPrice": {
      "value": 1.39,
      "unit": "€"
    },
    "productPricePerUnit": {
      "value": 5.56,
      "unit": "€/kg"
    },
    "productPriceWithLoyaltyCard": null,
    "productPricePerUnitWithLoyaltyCard": null,
    "imageUrl": "https://cdn.barbora.lv/products/4358f9c1-8745-4ed6-bd66-6cf72e3d9874_s.png",
    "available": true,
    "discount": null
  },
  {
    "shop": "MAXIMA",
    "categories": [
      2,
      2001,
      2001006
    ],
    "productName": "Rupjmaize LIELEZERS BORODINAS DZIRNAVU 250g",
    "productPriceOld": null,
    "productPrice": {
      "value": 1.39,
      "unit": "€"
    },
    "productPricePerUnit": {
      "value": 5.56,
      "unit": "€/kg"
    },
    "productPriceWithLoyaltyCard": null,
    "productPricePerUnitWithLoyaltyCard": null,
    "imageUrl": "https://cdn.barbora.lv/products/7aa4a4fc-629d-42a1-bf32-8336032fe4aa_s.png",
    "available": true,
    "discount": null
  },
  {
    "shop": "MAXIMA",
    "categories": [
      2,
      2001,
      20010014
    ],
    "productName": "Kviešu maizītes BROKASTU ar graud. 250g",
    "productPriceOld": null,
    "productPrice": {
      "value": 1.39,
      "unit": "€"
    },
    "productPricePerUnit": {
      "value": 5.56,
      "unit": "€/kg"
    },
    "productPriceWithLoyaltyCard": null,
    "productPricePerUnitWithLoyaltyCard": null,
    "imageUrl": "https://cdn.barbora.lv/products/acb5772f-a279-494b-bd1b-b907aae43b88_s.png",
    "available": true,
    "discount": null
  },
  {
    "shop": "RIMI",
    "categories": [
      2,
      2001,
      20010014
    ],
    "productName": "Burkānmaize Lāči 440g",
    "productPriceOld": null,
    "productPrice": {
      "value": 2.45,
      "unit": "€/gab"
    },
    "productPricePerUnit": {
      "value": 5.57,
      "unit": "€/kg"
    },
    "productPriceWithLoyaltyCard": null,
    "productPricePerUnitWithLoyaltyCard": null,
    "imageUrl": "https://rimibaltic-res.cloudinary.com/image/upload/d_ecommerce:backend-fallback.png/MAT_296294_PCE_LV",
    "available": true,
    "discount": null
  },
  {
    "shop": "RIMI",
    "categories": [
      1,
      1001,
      1001001
    ],
    "productName": "Alus Labietis Mežs 5,5% 0,44l",
    "productPriceOld": {
      "value": 2.79,
      "unit": "€"
    },
    "productPrice": {
      "value": 2.45,
      "unit": "€/gab"
    },
    "productPricePerUnit": {
      "value": 5.57,
      "unit": "€/l"
    },
    "productPriceWithLoyaltyCard": null,
    "productPricePerUnitWithLoyaltyCard": null,
    "imageUrl": "https://rimibaltic-res.cloudinary.com/image/upload/d_ecommerce:backend-fallback.png/MAT_1373533_PCE_LV",
    "available": true,
    "discount": 12
  },
  {
    "shop": "RIMI",
    "categories": [
      1,
      1001,
      1001001
    ],
    "productName": "Alus Labietis Mežs 5,5% 0,44l",
    "productPriceOld": {
      "value": 2.79,
      "unit": "€"
    },
    "productPrice": {
      "value": 2.45,
      "unit": "€/gab"
    },
    "productPricePerUnit": {
      "value": 5.57,
      "unit": "€/l"
    },
    "productPriceWithLoyaltyCard": null,
    "productPricePerUnitWithLoyaltyCard": null,
    "imageUrl": "https://rimibaltic-res.cloudinary.com/image/upload/d_ecommerce:backend-fallback.png/MAT_1373533_PCE_LV",
    "available": true,
    "discount": 12
  },
  {
    "shop": "MAXIMA",
    "categories": [
      2,
      2001,
      20010011
    ],
    "productName": "Bagete fitnesa 90g",
    "productPriceOld": null,
    "productPrice": {
      "value": 0.49,
      "unit": "€"
    },
    "productPricePerUnit": {
      "value": 5.57,
      "unit": "€/kg"
    },
    "productPriceWithLoyaltyCard": null,
    "productPricePerUnitWithLoyaltyCard": null,
    "imageUrl": "https://cdn.barbora.lv/products/da5e56cc-504f-42e2-bbe7-f6eae427e363_s.png",
    "available": true,
    "discount": null
  },
  {
    "shop": "RIMI",
    "categories": [
      1,
      1002,
      10010020
    ],
    "productName": "Meloņu,mango&ananasu sula500ML",
    "productPriceOld": {
      "value": 3.79,
      "unit": "€"
    },
    "productPrice": {
      "value": 2.79,
      "unit": "€/gab"
    },
    "productPricePerUnit": {
      "value": 5.58,
      "unit": "€/l"
    },
    "productPriceWithLoyaltyCard": null,
    "productPricePerUnitWithLoyaltyCard": null,
    "imageUrl": "https://rimibaltic-res.cloudinary.com/image/upload/d_ecommerce:backend-fallback.png/MAT_1358410_PCE_LV",
    "available": true,
    "discount": 26
  },
  {
    "shop": "RIMI",
    "categories": [
      1,
      1001,
      1001003
    ],
    "productName": "Baltvīns Bellissimo pussausais 11% 3l",
    "productPriceOld": null,
    "productPrice": {
      "value": 16.75,
      "unit": "€/gab"
    },
    "productPricePerUnit": {
      "value": 5.58,
      "unit": "€/l"
    },
    "productPriceWithLoyaltyCard": null,
    "productPricePerUnitWithLoyaltyCard": null,
    "imageUrl": "https://rimibaltic-res.cloudinary.com/image/upload/d_ecommerce:backend-fallback.png/MAT_805237_PCE_LV",
    "available": true,
    "discount": null
  },
  {
    "shop": "RIMI",
    "categories": [
      1,
      1001,
      1001003
    ],
    "productName": "Sarkanvīns Bellissimo pussausais 11% 3l",
    "productPriceOld": null,
    "productPrice": {
      "value": 16.75,
      "unit": "€/gab"
    },
    "productPricePerUnit": {
      "value": 5.58,
      "unit": "€/l"
    },
    "productPriceWithLoyaltyCard": null,
    "productPricePerUnitWithLoyaltyCard": null,
    "imageUrl": "https://rimibaltic-res.cloudinary.com/image/upload/d_ecommerce:backend-fallback.png/MAT_805218_PCE_LV",
    "available": true,
    "discount": null
  },
  {
    "shop": "RIMI",
    "categories": [
      1,
      1001,
      1001001
    ],
    "productName": "Alus Užavas Ziemeļu tumšais 5,8% 0,5l",
    "productPriceOld": null,
    "productPrice": {
      "value": 2.79,
      "unit": "€/gab"
    },
    "productPricePerUnit": {
      "value": 5.58,
      "unit": "€/l"
    },
    "productPriceWithLoyaltyCard": null,
    "productPricePerUnitWithLoyaltyCard": null,
    "imageUrl": "https://rimibaltic-res.cloudinary.com/image/upload/d_ecommerce:backend-fallback.png/MAT_1365196_PCE_LV",
    "available": true,
    "discount": null
  },
  {
    "shop": "RIMI",
    "categories": [
      1,
      1001,
      1001001
    ],
    "productName": "Tumšais alus Užavas Vecais nefiltr. 4,9% 0,5L",
    "productPriceOld": null,
    "productPrice": {
      "value": 2.79,
      "unit": "€/gab"
    },
    "productPricePerUnit": {
      "value": 5.58,
      "unit": "€/l"
    },
    "productPriceWithLoyaltyCard": null,
    "productPricePerUnitWithLoyaltyCard": null,
    "imageUrl": "https://rimibaltic-res.cloudinary.com/image/upload/d_ecommerce:backend-fallback.png/MAT_1372180_PCE_LV",
    "available": true,
    "discount": null
  },
  {
    "shop": "MAXIMA",
    "categories": [
      1,
      1001,
      1001003
    ],
    "productName": "Vīns SUNNY GARDEN CHERRY 13% 0,75L",
    "productPriceOld": {
      "value": 6.1,
      "unit": "€"
    },
    "productPrice": {
      "value": 6.1,
      "unit": "€"
    },
    "productPricePerUnit": {
      "value": 8.13,
      "unit": "€/l"
    },
    "productPriceWithLoyaltyCard": {
      "value": 4.19,
      "unit": "€"
    },
    "productPricePerUnitWithLoyaltyCard": {
      "value": 5.58,
      "unit": "€/l"
    },
    "imageUrl": "https://cdn.barbora.lv/products/4a2458bc-7fe3-4524-85da-28ac8406ba6c_s.png",
    "available": true,
    "discount": 31
  },
  {
    "shop": "CITRO",
    "categories": [
      1,
      1001,
      1001005
    ],
    "productName": "AKL.KOKT.SHAKE CLUB CRANBERRY-APPLE 14.5% 0.5L",
    "productPriceOld": null,
    "productPrice": null,
    "productPricePerUnit": {
      "value": 5.58,
      "unit": "€/L"
    },
    "productPriceWithLoyaltyCard": null,
    "productPricePerUnitWithLoyaltyCard": null,
    "imageUrl": "https://rezekne.citro.lv/wp-content/uploads/2023/07/4751019940370-300x300.jpg",
    "available": true,
    "discount": null
  },
  {
    "shop": "CITRO",
    "categories": [
      1,
      1001,
      1001005
    ],
    "productName": "ALK. KOKT.CĒSU ĶIRSĪTIS 14% 0.5L",
    "productPriceOld": null,
    "productPrice": null,
    "productPricePerUnit": {
      "value": 5.58,
      "unit": "€/L"
    },
    "productPriceWithLoyaltyCard": null,
    "productPricePerUnitWithLoyaltyCard": null,
    "imageUrl": "https://rezekne.citro.lv/wp-content/uploads/2023/12/4750142007011-300x300.jpg",
    "available": true,
    "discount": null
  },
  {
    "shop": "CITRO",
    "categories": [
      1,
      1001,
      1001005
    ],
    "productName": "ALK.KOKT. CĒSU G&GRAPEFR 14% 0.5L",
    "productPriceOld": null,
    "productPrice": null,
    "productPricePerUnit": {
      "value": 5.58,
      "unit": "€/L"
    },
    "productPriceWithLoyaltyCard": null,
    "productPricePerUnitWithLoyaltyCard": null,
    "imageUrl": "https://rezekne.citro.lv/wp-content/uploads/2023/04/4750142006694-300x300.jpg",
    "available": true,
    "discount": null
  },
  {
    "shop": "MAXIMA",
    "categories": [
      1,
      1001,
      1001003
    ],
    "productName": "Vīns Red VISTOSO Primitivo 13,5% 0,75L",
    "productPriceOld": {
      "value": 5.45,
      "unit": "€"
    },
    "productPrice": {
      "value": 5.45,
      "unit": "€"
    },
    "productPricePerUnit": {
      "value": 7.27,
      "unit": "€/l"
    },
    "productPriceWithLoyaltyCard": {
      "value": 4.19,
      "unit": "€"
    },
    "productPricePerUnitWithLoyaltyCard": {
      "value": 5.59,
      "unit": "€/l"
    },
    "imageUrl": "https://cdn.barbora.lv/products/74be76e6-ece5-4999-96b1-498d83d7de07_s.png",
    "available": true,
    "discount": 23
  },
  {
    "shop": "MAXIMA",
    "categories": [
      1,
      1001,
      1001004
    ],
    "productName": "Dz.vīns LA CACCIATORA LAMBRUSCO 8% 0,75L",
    "productPriceOld": {
      "value": 5.99,
      "unit": "€"
    },
    "productPrice": {
      "value": 5.99,
      "unit": "€"
    },
    "productPricePerUnit": {
      "value": 7.99,
      "unit": "€/l"
    },
    "productPriceWithLoyaltyCard": {
      "value": 4.19,
      "unit": "€"
    },
    "productPricePerUnitWithLoyaltyCard": {
      "value": 5.59,
      "unit": "€/l"
    },
    "imageUrl": "https://cdn.barbora.lv/products/96412de6-46a4-45ed-b52f-32907a6086aa_s.png",
    "available": true,
    "discount": 30
  },
  {
    "shop": "MAXIMA",
    "categories": [
      2,
      2001,
      2001003,
      2001001
    ],
    "productName": "Tostermaize Speltas pilngr. Flora 320g",
    "productPriceOld": null,
    "productPrice": {
      "value": 1.79,
      "unit": "€"
    },
    "productPricePerUnit": {
      "value": 5.59,
      "unit": "€/kg"
    },
    "productPriceWithLoyaltyCard": null,
    "productPricePerUnitWithLoyaltyCard": null,
    "imageUrl": "https://cdn.barbora.lv/products/b1cb89b4-1bfb-4838-b541-601de987007d_s.png",
    "available": true,
    "discount": null
  },
  {
    "shop": "RIMI",
    "categories": [
      1,
      1001,
      1001001
    ],
    "productName": "Alus Kronenbourg 5% 0,33l",
    "productPriceOld": null,
    "productPrice": {
      "value": 1.85,
      "unit": "€/gab"
    },
    "productPricePerUnit": {
      "value": 5.61,
      "unit": "€/l"
    },
    "productPriceWithLoyaltyCard": null,
    "productPricePerUnitWithLoyaltyCard": null,
    "imageUrl": "https://rimibaltic-res.cloudinary.com/image/upload/d_ecommerce:backend-fallback.png/MAT_1371259_PCE_LV",
    "available": true,
    "discount": null
  },
  {
    "shop": "RIMI",
    "categories": [
      1,
      1001,
      1001001
    ],
    "productName": "Alus Corona Extra 4,5% 0,33l",
    "productPriceOld": null,
    "productPrice": {
      "value": 1.85,
      "unit": "€/gab"
    },
    "productPricePerUnit": {
      "value": 5.61,
      "unit": "€/l"
    },
    "productPriceWithLoyaltyCard": null,
    "productPricePerUnitWithLoyaltyCard": null,
    "imageUrl": "https://rimibaltic-res.cloudinary.com/image/upload/d_ecommerce:backend-fallback.png/MAT_1371039_PCE_LV",
    "available": true,
    "discount": null
  },
  {
    "shop": "RIMI",
    "categories": [
      1,
      1001,
      1001001
    ],
    "productName": "Alus Kronenbourg 5% 0,33l",
    "productPriceOld": null,
    "productPrice": {
      "value": 1.85,
      "unit": "€/gab"
    },
    "productPricePerUnit": {
      "value": 5.61,
      "unit": "€/l"
    },
    "productPriceWithLoyaltyCard": null,
    "productPricePerUnitWithLoyaltyCard": null,
    "imageUrl": "https://rimibaltic-res.cloudinary.com/image/upload/d_ecommerce:backend-fallback.png/MAT_1371259_PCE_LV",
    "available": true,
    "discount": null
  },
  {
    "shop": "RIMI",
    "categories": [
      1,
      1001,
      1001001
    ],
    "productName": "Alus Corona Extra 4,5% 0,33l",
    "productPriceOld": null,
    "productPrice": {
      "value": 1.85,
      "unit": "€/gab"
    },
    "productPricePerUnit": {
      "value": 5.61,
      "unit": "€/l"
    },
    "productPriceWithLoyaltyCard": null,
    "productPricePerUnitWithLoyaltyCard": null,
    "imageUrl": "https://rimibaltic-res.cloudinary.com/image/upload/d_ecommerce:backend-fallback.png/MAT_1371039_PCE_LV",
    "available": true,
    "discount": null
  },
  {
    "shop": "RIMI",
    "categories": [
      1,
      1001,
      1001001
    ],
    "productName": "Alus dzēriens Solveza Muscat 4,5% 0,33l",
    "productPriceOld": null,
    "productPrice": {
      "value": 1.85,
      "unit": "€/gab"
    },
    "productPricePerUnit": {
      "value": 5.61,
      "unit": "€/l"
    },
    "productPriceWithLoyaltyCard": null,
    "productPricePerUnitWithLoyaltyCard": null,
    "imageUrl": "https://rimibaltic-res.cloudinary.com/image/upload/d_ecommerce:backend-fallback.png/MAT_1373920_PCE_LV",
    "available": true,
    "discount": null
  },
  {
    "shop": "RIMI",
    "categories": [
      1,
      1001,
      1001001
    ],
    "productName": "Alus Solveza Extra 4,5% 0,33l",
    "productPriceOld": null,
    "productPrice": {
      "value": 1.85,
      "unit": "€/gab"
    },
    "productPricePerUnit": {
      "value": 5.61,
      "unit": "€/l"
    },
    "productPriceWithLoyaltyCard": null,
    "productPricePerUnitWithLoyaltyCard": null,
    "imageUrl": "https://rimibaltic-res.cloudinary.com/image/upload/d_ecommerce:backend-fallback.png/MAT_1373911_PCE_LV",
    "available": true,
    "discount": null
  },
  {
    "shop": "RIMI",
    "categories": [
      1,
      1001,
      1001001
    ],
    "productName": "Alus dzēriens Solveza Rosado 4,5% 0,33l",
    "productPriceOld": null,
    "productPrice": {
      "value": 1.85,
      "unit": "€/gab"
    },
    "productPricePerUnit": {
      "value": 5.61,
      "unit": "€/l"
    },
    "productPriceWithLoyaltyCard": null,
    "productPricePerUnitWithLoyaltyCard": null,
    "imageUrl": "https://rimibaltic-res.cloudinary.com/image/upload/d_ecommerce:backend-fallback.png/MAT_1373910_PCE_LV",
    "available": true,
    "discount": null
  },
  {
    "shop": "RIMI",
    "categories": [
      1,
      1001,
      1001001
    ],
    "productName": "Alus Solveza Agave & Lemon 6% 0,33l",
    "productPriceOld": null,
    "productPrice": {
      "value": 1.85,
      "unit": "€/gab"
    },
    "productPricePerUnit": {
      "value": 5.61,
      "unit": "€/l"
    },
    "productPriceWithLoyaltyCard": null,
    "productPricePerUnitWithLoyaltyCard": null,
    "imageUrl": "https://rimibaltic-res.cloudinary.com/image/upload/d_ecommerce:backend-fallback.png/MAT_1373900_PCE_LV",
    "available": true,
    "discount": null
  },
  {
    "shop": "RIMI",
    "categories": [
      2,
      2001,
      2001006
    ],
    "productName": "Īsta rupjmaize Lāči no lielā kukuļa 400g",
    "productPriceOld": null,
    "productPrice": {
      "value": 2.25,
      "unit": "€/gab"
    },
    "productPricePerUnit": {
      "value": 5.62,
      "unit": "€/kg"
    },
    "productPriceWithLoyaltyCard": null,
    "productPricePerUnitWithLoyaltyCard": null,
    "imageUrl": "https://rimibaltic-res.cloudinary.com/image/upload/d_ecommerce:backend-fallback.png/MAT_276534_PCE_LV",
    "available": true,
    "discount": null
  },
  {
    "shop": "MAXIMA",
    "categories": [
      1,
      1001,
      1001001
    ],
    "productName": "Alus UŽAVAS Savvaļ. Dzērvene 4,9% 0,5L D",
    "productPriceOld": null,
    "productPrice": {
      "value": 2.81,
      "unit": "€"
    },
    "productPricePerUnit": {
      "value": 5.62,
      "unit": "€/l"
    },
    "productPriceWithLoyaltyCard": null,
    "productPricePerUnitWithLoyaltyCard": null,
    "imageUrl": "https://cdn.barbora.lv/products/3dcb5bdd-1ecc-4ae6-89c7-23869b54e766_s.png",
    "available": true,
    "discount": null
  },
  {
    "shop": "MAXIMA",
    "categories": [
      1,
      1001,
      1001001
    ],
    "productName": "Alus UŽAVAS Vecais nefiltr. 4,6% 0,5L D",
    "productPriceOld": null,
    "productPrice": {
      "value": 2.81,
      "unit": "€"
    },
    "productPricePerUnit": {
      "value": 5.62,
      "unit": "€/l"
    },
    "productPriceWithLoyaltyCard": null,
    "productPricePerUnitWithLoyaltyCard": null,
    "imageUrl": "https://cdn.barbora.lv/products/74321b94-24c1-4696-b092-644e880cf7c1_s.png",
    "available": true,
    "discount": null
  },
  {
    "shop": "RIMI",
    "categories": [
      1,
      1002,
      10010025
    ],
    "productName": "Sīrups Spilva Mojito 0,3l",
    "productPriceOld": null,
    "productPrice": {
      "value": 1.69,
      "unit": "€/gab"
    },
    "productPricePerUnit": {
      "value": 5.63,
      "unit": "€/l"
    },
    "productPriceWithLoyaltyCard": null,
    "productPricePerUnitWithLoyaltyCard": null,
    "imageUrl": "https://rimibaltic-res.cloudinary.com/image/upload/d_ecommerce:backend-fallback.png/MAT_164345_PCE_LV",
    "available": true,
    "discount": null
  },
  {
    "shop": "RIMI",
    "categories": [
      1,
      1002,
      10010025
    ],
    "productName": "Sīrups Spilva grenadīna 0,3l",
    "productPriceOld": null,
    "productPrice": {
      "value": 1.69,
      "unit": "€/gab"
    },
    "productPricePerUnit": {
      "value": 5.63,
      "unit": "€/l"
    },
    "productPriceWithLoyaltyCard": null,
    "productPricePerUnitWithLoyaltyCard": null,
    "imageUrl": "https://rimibaltic-res.cloudinary.com/image/upload/d_ecommerce:backend-fallback.png/MAT_163941_PCE_LV",
    "available": true,
    "discount": null
  },
  {
    "shop": "MAXIMA",
    "categories": [
      2,
      2001,
      20010012
    ],
    "productName": "Maize Tumšā ciabatta  izcep pats 300g",
    "productPriceOld": null,
    "productPrice": {
      "value": 1.69,
      "unit": "€"
    },
    "productPricePerUnit": {
      "value": 5.63,
      "unit": "€/kg"
    },
    "productPriceWithLoyaltyCard": null,
    "productPricePerUnitWithLoyaltyCard": null,
    "imageUrl": "https://cdn.barbora.lv/products/a2dbe677-16ca-45c7-92b4-ea6ab780b7b8_s.png",
    "available": true,
    "discount": null
  },
  {
    "shop": "MAXIMA",
    "categories": [
      2,
      2001,
      20010015
    ],
    "productName": "Mīkstās vanilīna barankas 300g",
    "productPriceOld": null,
    "productPrice": {
      "value": 1.69,
      "unit": "€"
    },
    "productPricePerUnit": {
      "value": 5.63,
      "unit": "€/kg"
    },
    "productPriceWithLoyaltyCard": null,
    "productPricePerUnitWithLoyaltyCard": null,
    "imageUrl": "https://cdn.barbora.lv/products/3b0fe107-9caa-4ced-bee4-3905c47e3988_s.png",
    "available": true,
    "discount": null
  },
  {
    "shop": "CITRO",
    "categories": [
      2,
      2005
    ],
    "productName": "ŠTRICELE AR KANĒLI 300G",
    "productPriceOld": null,
    "productPrice": null,
    "productPricePerUnit": {
      "value": 5.63,
      "unit": "€/KG"
    },
    "productPriceWithLoyaltyCard": null,
    "productPricePerUnitWithLoyaltyCard": null,
    "imageUrl": "https://rezekne.citro.lv/wp-content/uploads/2020/12/99467-300x300.jpg",
    "available": true,
    "discount": null
  },
  {
    "shop": "CITRO",
    "categories": [
      2,
      2005
    ],
    "productName": "ŠTRICELE AR MAGONĒM 300G",
    "productPriceOld": null,
    "productPrice": null,
    "productPricePerUnit": {
      "value": 5.63,
      "unit": "€/KG"
    },
    "productPriceWithLoyaltyCard": null,
    "productPricePerUnitWithLoyaltyCard": null,
    "imageUrl": "https://rezekne.citro.lv/wp-content/uploads/2023/07/Magonu-stricele-1-300x300.jpg",
    "available": true,
    "discount": null
  },
  {
    "shop": "MAXIMA",
    "categories": [
      1,
      1001,
      1001001
    ],
    "productName": "Alus TUBORG 4,6% 0,33L D",
    "productPriceOld": null,
    "productPrice": {
      "value": 1.86,
      "unit": "€"
    },
    "productPricePerUnit": {
      "value": 5.64,
      "unit": "€/l"
    },
    "productPriceWithLoyaltyCard": null,
    "productPricePerUnitWithLoyaltyCard": null,
    "imageUrl": "https://cdn.barbora.lv/products/08c08f27-3cc0-4380-96d3-8eca880f5315_s.png",
    "available": true,
    "discount": null
  },
  {
    "shop": "MAXIMA",
    "categories": [
      1,
      1001,
      1001001
    ],
    "productName": "Alus GRIMBERGEN BLANCHE 6,0% 0,25L D",
    "productPriceOld": null,
    "productPrice": {
      "value": 1.41,
      "unit": "€"
    },
    "productPricePerUnit": {
      "value": 5.64,
      "unit": "€/l"
    },
    "productPriceWithLoyaltyCard": null,
    "productPricePerUnitWithLoyaltyCard": null,
    "imageUrl": "https://cdn.barbora.lv/products/a6e64ec7-3b03-443c-ae9d-e884b7a10f1b_s.png",
    "available": true,
    "discount": null
  },
  {
    "shop": "MAXIMA",
    "categories": [
      1,
      1001,
      1001001
    ],
    "productName": "Alus CORONA EXTRA 4,5% 0,33L sk.D",
    "productPriceOld": null,
    "productPrice": {
      "value": 1.86,
      "unit": "€"
    },
    "productPricePerUnit": {
      "value": 5.64,
      "unit": "€/l"
    },
    "productPriceWithLoyaltyCard": null,
    "productPricePerUnitWithLoyaltyCard": null,
    "imageUrl": "https://cdn.barbora.lv/products/8a6acbf0-46c8-4feb-89d4-eb52ae25a3b3_s.png",
    "available": true,
    "discount": null
  },
  {
    "shop": "MAXIMA",
    "categories": [
      1,
      1001,
      1001001
    ],
    "productName": "Alus VALMIERMUIŽA Klostera 6,7% 0,5L D",
    "productPriceOld": null,
    "productPrice": {
      "value": 2.82,
      "unit": "€"
    },
    "productPricePerUnit": {
      "value": 5.64,
      "unit": "€/l"
    },
    "productPriceWithLoyaltyCard": null,
    "productPricePerUnitWithLoyaltyCard": null,
    "imageUrl": "https://cdn.barbora.lv/products/461a2ef0-4e67-4471-8975-74d7cc48773f_s.png",
    "available": true,
    "discount": null
  },
  {
    "shop": "RIMI",
    "categories": [
      1,
      1001,
      1001003
    ],
    "productName": "B.v. Ruppertsberger Riesling 11% 3l",
    "productPriceOld": null,
    "productPrice": {
      "value": 27.55,
      "unit": "€/gab"
    },
    "productPricePerUnit": {
      "value": 9.18,
      "unit": "€/l"
    },
    "productPriceWithLoyaltyCard": {
      "value": 16.99,
      "unit": "€"
    },
    "productPricePerUnitWithLoyaltyCard": {
      "value": 5.66,
      "unit": "€/l"
    },
    "imageUrl": "https://rimibaltic-res.cloudinary.com/image/upload/d_ecommerce:backend-fallback.png/MAT_7160272_PCE_LV",
    "available": true,
    "discount": 38
  },
  {
    "shop": "RIMI",
    "categories": [
      1,
      1001,
      1001003
    ],
    "productName": "R.v. Ruppertsberger Rosé 11% 3l, pusausais",
    "productPriceOld": null,
    "productPrice": {
      "value": 24.99,
      "unit": "€/gab"
    },
    "productPricePerUnit": {
      "value": 8.33,
      "unit": "€/l"
    },
    "productPriceWithLoyaltyCard": {
      "value": 16.99,
      "unit": "€"
    },
    "productPricePerUnitWithLoyaltyCard": {
      "value": 5.66,
      "unit": "€/l"
    },
    "imageUrl": "https://rimibaltic-res.cloudinary.com/image/upload/d_ecommerce:backend-fallback.png/MAT_7277274_PCE_LV",
    "available": true,
    "discount": 32
  },
  {
    "shop": "RIMI",
    "categories": [
      2,
      2001,
      2001004
    ],
    "productName": "Rudzu saldskābmaize 280g",
    "productPriceOld": null,
    "productPrice": {
      "value": 1.59,
      "unit": "€/gab"
    },
    "productPricePerUnit": {
      "value": 5.68,
      "unit": "€/kg"
    },
    "productPriceWithLoyaltyCard": null,
    "productPricePerUnitWithLoyaltyCard": null,
    "imageUrl": "https://rimibaltic-res.cloudinary.com/image/upload/d_ecommerce:backend-fallback.png/MAT_902507_PCE_LV",
    "available": true,
    "discount": null
  },
  {
    "shop": "MAXIMA",
    "categories": [
      1,
      1001,
      1001005
    ],
    "productName": "Alk.kokteilis CĒSU G&Grapefr.14%0,28L D",
    "productPriceOld": {
      "value": 2.25,
      "unit": "€"
    },
    "productPrice": {
      "value": 2.25,
      "unit": "€"
    },
    "productPricePerUnit": {
      "value": 8.04,
      "unit": "€/l"
    },
    "productPriceWithLoyaltyCard": {
      "value": 1.59,
      "unit": "€"
    },
    "productPricePerUnitWithLoyaltyCard": {
      "value": 5.68,
      "unit": "€/l"
    },
    "imageUrl": "https://cdn.barbora.lv/products/59dac426-60a2-4cf8-b85e-050677163978_s.png",
    "available": true,
    "discount": 29
  },
  {
    "shop": "MAXIMA",
    "categories": [
      1,
      1001,
      1001005
    ],
    "productName": "Alk.kokt.CĒSU Dzērvenīte 14% 0,28L D",
    "productPriceOld": {
      "value": 2.27,
      "unit": "€"
    },
    "productPrice": {
      "value": 2.27,
      "unit": "€"
    },
    "productPricePerUnit": {
      "value": 8.11,
      "unit": "€/l"
    },
    "productPriceWithLoyaltyCard": {
      "value": 1.59,
      "unit": "€"
    },
    "productPricePerUnitWithLoyaltyCard": {
      "value": 5.68,
      "unit": "€/l"
    },
    "imageUrl": "https://cdn.barbora.lv/products/6360b117-4325-4852-9e0f-22f4f00294f8_s.png",
    "available": true,
    "discount": 30
  },
  {
    "shop": "MAXIMA",
    "categories": [
      2,
      2001,
      20010011
    ],
    "productName": "Maize FAZER GARDĀ MELLĀ ar saul.sēk.280g",
    "productPriceOld": null,
    "productPrice": {
      "value": 1.59,
      "unit": "€"
    },
    "productPricePerUnit": {
      "value": 5.68,
      "unit": "€/kg"
    },
    "productPriceWithLoyaltyCard": null,
    "productPricePerUnitWithLoyaltyCard": null,
    "imageUrl": "https://cdn.barbora.lv/products/e07f96bd-1830-4d34-bbf5-ac3197339b25_s.png",
    "available": true,
    "discount": null
  },
  {
    "shop": "MAXIMA",
    "categories": [
      2,
      2001,
      2001004
    ],
    "productName": "Saldskābmaize rudzu sagriezta 280g",
    "productPriceOld": null,
    "productPrice": {
      "value": 1.59,
      "unit": "€"
    },
    "productPricePerUnit": {
      "value": 5.68,
      "unit": "€/kg"
    },
    "productPriceWithLoyaltyCard": null,
    "productPricePerUnitWithLoyaltyCard": null,
    "imageUrl": "https://cdn.barbora.lv/products/f8019b60-064a-4ded-8d0d-5565453f6034_s.png",
    "available": true,
    "discount": null
  },
  {
    "shop": "RIMI",
    "categories": [
      2,
      2001,
      2001006
    ],
    "productName": "Rupjmaize Lielezers senā sagriezta 350g",
    "productPriceOld": null,
    "productPrice": {
      "value": 1.99,
      "unit": "€/gab"
    },
    "productPricePerUnit": {
      "value": 5.69,
      "unit": "€/kg"
    },
    "productPriceWithLoyaltyCard": null,
    "productPricePerUnitWithLoyaltyCard": null,
    "imageUrl": "https://rimibaltic-res.cloudinary.com/image/upload/d_ecommerce:backend-fallback.png/MAT_284479_PCE_LV",
    "available": true,
    "discount": null
  },
  {
    "shop": "RIMI",
    "categories": [
      1,
      1001,
      1001001
    ],
    "productName": "Tumš. medalus Valmiermuižas Namejs 5,6% 0,5l",
    "productPriceOld": null,
    "productPrice": {
      "value": 3.25,
      "unit": "€/gab"
    },
    "productPricePerUnit": {
      "value": 6.5,
      "unit": "€/l"
    },
    "productPriceWithLoyaltyCard": {
      "value": 2.85,
      "unit": "€"
    },
    "productPricePerUnitWithLoyaltyCard": {
      "value": 5.7,
      "unit": "€/l"
    },
    "imageUrl": "https://rimibaltic-res.cloudinary.com/image/upload/d_ecommerce:backend-fallback.png/MAT_1363377_PCE_LV",
    "available": true,
    "discount": 12
  },
  {
    "shop": "RIMI",
    "categories": [
      1,
      1001,
      1001001
    ],
    "productName": "Alus Valmiermuižas Klostera 6,7% 0,5l",
    "productPriceOld": null,
    "productPrice": {
      "value": 2.85,
      "unit": "€/gab"
    },
    "productPricePerUnit": {
      "value": 5.7,
      "unit": "€/l"
    },
    "productPriceWithLoyaltyCard": null,
    "productPricePerUnitWithLoyaltyCard": null,
    "imageUrl": "https://rimibaltic-res.cloudinary.com/image/upload/d_ecommerce:backend-fallback.png/MAT_1373163_PCE_LV",
    "available": true,
    "discount": null
  },
  {
    "shop": "RIMI",
    "categories": [
      1,
      1001,
      1001001
    ],
    "productName": "Alus Mežpils Porteris 6.8% 0,5l",
    "productPriceOld": null,
    "productPrice": {
      "value": 2.85,
      "unit": "€/gab"
    },
    "productPricePerUnit": {
      "value": 5.7,
      "unit": "€/l"
    },
    "productPriceWithLoyaltyCard": null,
    "productPricePerUnitWithLoyaltyCard": null,
    "imageUrl": "https://rimibaltic-res.cloudinary.com/image/upload/d_ecommerce:backend-fallback.png/MAT_1372136_PCE_LV",
    "available": true,
    "discount": null
  },
  {
    "shop": "MAXIMA",
    "categories": [
      2,
      2001,
      20010014
    ],
    "productName": "Maizīte Kviešu 35g",
    "productPriceOld": null,
    "productPrice": {
      "value": 0.2,
      "unit": "€"
    },
    "productPricePerUnit": {
      "value": 5.71,
      "unit": "€/kg"
    },
    "productPriceWithLoyaltyCard": null,
    "productPricePerUnitWithLoyaltyCard": null,
    "imageUrl": "https://cdn.barbora.lv/products/b682ff07-cdfa-4b4a-a339-4eb2650429e5_s.png",
    "available": true,
    "discount": null
  },
  {
    "shop": "RIMI",
    "categories": [
      1,
      1001,
      1001003
    ],
    "productName": "S.v. Pastoral Cabernet 13,5% 0,75l",
    "productPriceOld": null,
    "productPrice": {
      "value": 5.35,
      "unit": "€/gab"
    },
    "productPricePerUnit": {
      "value": 7.13,
      "unit": "€/l"
    },
    "productPriceWithLoyaltyCard": {
      "value": 4.29,
      "unit": "€"
    },
    "productPricePerUnitWithLoyaltyCard": {
      "value": 5.72,
      "unit": "€/l"
    },
    "imageUrl": "https://rimibaltic-res.cloudinary.com/image/upload/d_ecommerce:backend-fallback.png/MAT_7160162_PCE_LV",
    "available": true,
    "discount": 20
  },
  {
    "shop": "RIMI",
    "categories": [
      1,
      1001,
      1001004
    ],
    "productName": "Dz.v. Sovetskoje Šamp. 11,5% 0,75l",
    "productPriceOld": null,
    "productPrice": {
      "value": 5.35,
      "unit": "€/gab"
    },
    "productPricePerUnit": {
      "value": 7.13,
      "unit": "€/l"
    },
    "productPriceWithLoyaltyCard": {
      "value": 4.29,
      "unit": "€"
    },
    "productPricePerUnitWithLoyaltyCard": {
      "value": 5.72,
      "unit": "€/l"
    },
    "imageUrl": "https://rimibaltic-res.cloudinary.com/image/upload/d_ecommerce:backend-fallback.png/MAT_101655_PCE_LV",
    "available": true,
    "discount": 20
  },
  {
    "shop": "MAXIMA",
    "categories": [
      1,
      1001,
      1001001
    ],
    "productName": "Alus GRIMBERGEN AMBREE 6,5% 0,25L D",
    "productPriceOld": null,
    "productPrice": {
      "value": 1.43,
      "unit": "€"
    },
    "productPricePerUnit": {
      "value": 5.72,
      "unit": "€/l"
    },
    "productPriceWithLoyaltyCard": null,
    "productPricePerUnitWithLoyaltyCard": null,
    "imageUrl": "https://cdn.barbora.lv/products/a8a3731d-f9be-43e6-b25f-05dad65a47cc_s.png",
    "available": true,
    "discount": null
  },
  {
    "shop": "MAXIMA",
    "categories": [
      1,
      1001,
      1001001
    ],
    "productName": "Alus GRIMBERGEN BLONDE 6,7% 0,25L D",
    "productPriceOld": null,
    "productPrice": {
      "value": 1.43,
      "unit": "€"
    },
    "productPricePerUnit": {
      "value": 5.72,
      "unit": "€/l"
    },
    "productPriceWithLoyaltyCard": null,
    "productPricePerUnitWithLoyaltyCard": null,
    "imageUrl": "https://cdn.barbora.lv/products/ba06dfcd-9fac-43c4-b378-e92b2bda3045_s.png",
    "available": true,
    "discount": null
  },
  {
    "shop": "MAXIMA",
    "categories": [
      1,
      1001,
      1001003
    ],
    "productName": "Dzirkstošais vīns BOSCA Gold 7,5% 0,75L",
    "productPriceOld": null,
    "productPrice": {
      "value": 4.29,
      "unit": "€"
    },
    "productPricePerUnit": {
      "value": 5.72,
      "unit": "€/l"
    },
    "productPriceWithLoyaltyCard": null,
    "productPricePerUnitWithLoyaltyCard": null,
    "imageUrl": "https://cdn.barbora.lv/products/73c6b33c-febb-468d-a9f8-ee9f671b2bd1_s.png",
    "available": true,
    "discount": null
  },
  {
    "shop": "CITRO",
    "categories": [
      1,
      1001,
      1001004
    ],
    "productName": "DZ.VĪNS BOSCA ANNIVERSARY GOLD LABEL SWEET 7.5% 0.75L",
    "productPriceOld": null,
    "productPrice": null,
    "productPricePerUnit": {
      "value": 5.72,
      "unit": "€/L"
    },
    "productPriceWithLoyaltyCard": null,
    "productPricePerUnitWithLoyaltyCard": null,
    "imageUrl": "https://rezekne.citro.lv/wp-content/uploads/2022/08/4770677226015arFonu-300x300.jpg",
    "available": true,
    "discount": null
  },
  {
    "shop": "CITRO",
    "categories": [
      1,
      1001,
      1001004
    ],
    "productName": "DZ.VĪNS AZZURRO SEMI SWEET 11.5% 0.75L",
    "productPriceOld": {
      "value": 4.99,
      "unit": "€"
    },
    "productPrice": {
      "value": 4.29,
      "unit": "€"
    },
    "productPricePerUnit": {
      "value": 5.72,
      "unit": "€/L"
    },
    "productPriceWithLoyaltyCard": null,
    "productPricePerUnitWithLoyaltyCard": null,
    "imageUrl": "https://rezekne.citro.lv/wp-content/uploads/2024/02/4770047234572-300x300.jpg",
    "available": true,
    "discount": 14
  },
  {
    "shop": "RIMI",
    "categories": [
      1,
      1003,
      1003001
    ],
    "productName": "Alus Kokmuiža Celmlauzis IPA b/a 0,33l",
    "productPriceOld": null,
    "productPrice": {
      "value": 1.89,
      "unit": "€/gab"
    },
    "productPricePerUnit": {
      "value": 5.73,
      "unit": "€/l"
    },
    "productPriceWithLoyaltyCard": null,
    "productPricePerUnitWithLoyaltyCard": null,
    "imageUrl": "https://rimibaltic-res.cloudinary.com/image/upload/d_ecommerce:backend-fallback.png/MAT_1367403_PCE_LV",
    "available": true,
    "discount": null
  },
  {
    "shop": "RIMI",
    "categories": [
      1,
      1001,
      1001005
    ],
    "productName": "Alkoholisks kokteilis Rose Gin 5,0% 0,33l",
    "productPriceOld": null,
    "productPrice": {
      "value": 1.89,
      "unit": "€/gab"
    },
    "productPricePerUnit": {
      "value": 5.73,
      "unit": "€/l"
    },
    "productPriceWithLoyaltyCard": null,
    "productPricePerUnitWithLoyaltyCard": null,
    "imageUrl": "https://rimibaltic-res.cloudinary.com/image/upload/d_ecommerce:backend-fallback.png/MAT_1373740_PCE_LV",
    "available": true,
    "discount": null
  },
  {
    "shop": "RIMI",
    "categories": [
      1,
      1001,
      1001005
    ],
    "productName": "Alkoholisks kokteilis Rose Gin 5,0% 0,33l",
    "productPriceOld": null,
    "productPrice": {
      "value": 1.89,
      "unit": "€/gab"
    },
    "productPricePerUnit": {
      "value": 5.73,
      "unit": "€/l"
    },
    "productPriceWithLoyaltyCard": null,
    "productPricePerUnitWithLoyaltyCard": null,
    "imageUrl": "https://rimibaltic-res.cloudinary.com/image/upload/d_ecommerce:backend-fallback.png/MAT_1373740_PCE_LV",
    "available": true,
    "discount": null
  },
  {
    "shop": "RIMI",
    "categories": [
      1,
      1001,
      1001002
    ],
    "productName": "Sidrs Iļģuciema ābolu-ķiršu 5,7% 0,33l",
    "productPriceOld": null,
    "productPrice": {
      "value": 1.89,
      "unit": "€/gab"
    },
    "productPricePerUnit": {
      "value": 5.73,
      "unit": "€/l"
    },
    "productPriceWithLoyaltyCard": null,
    "productPricePerUnitWithLoyaltyCard": null,
    "imageUrl": "https://rimibaltic-res.cloudinary.com/image/upload/d_ecommerce:backend-fallback.png/MAT_1374365_PCE_LV",
    "available": true,
    "discount": null
  },
  {
    "shop": "RIMI",
    "categories": [
      1,
      1001,
      1001001
    ],
    "productName": "Alus Tuborg lime cut 4,5% 0,33l",
    "productPriceOld": null,
    "productPrice": {
      "value": 1.89,
      "unit": "€/gab"
    },
    "productPricePerUnit": {
      "value": 5.73,
      "unit": "€/l"
    },
    "productPriceWithLoyaltyCard": null,
    "productPricePerUnitWithLoyaltyCard": null,
    "imageUrl": "https://rimibaltic-res.cloudinary.com/image/upload/d_ecommerce:backend-fallback.png/MAT_1373177_PCE_LV",
    "available": true,
    "discount": null
  },
  {
    "shop": "RIMI",
    "categories": [
      1,
      1001,
      1001005
    ],
    "productName": "Alkoholisks kokteilis Rose Gin 5,0% 0,33l",
    "productPriceOld": null,
    "productPrice": {
      "value": 1.89,
      "unit": "€/gab"
    },
    "productPricePerUnit": {
      "value": 5.73,
      "unit": "€/l"
    },
    "productPriceWithLoyaltyCard": null,
    "productPricePerUnitWithLoyaltyCard": null,
    "imageUrl": "https://rimibaltic-res.cloudinary.com/image/upload/d_ecommerce:backend-fallback.png/MAT_1373740_PCE_LV",
    "available": true,
    "discount": null
  },
  {
    "shop": "RIMI",
    "categories": [
      1,
      1001,
      1001001
    ],
    "productName": "Alus Tuborg Green 4,6% 0,33l",
    "productPriceOld": null,
    "productPrice": {
      "value": 1.89,
      "unit": "€/gab"
    },
    "productPricePerUnit": {
      "value": 5.73,
      "unit": "€/l"
    },
    "productPriceWithLoyaltyCard": null,
    "productPricePerUnitWithLoyaltyCard": null,
    "imageUrl": "https://rimibaltic-res.cloudinary.com/image/upload/d_ecommerce:backend-fallback.png/MAT_1357013_PCE_LV",
    "available": true,
    "discount": null
  },
  {
    "shop": "RIMI",
    "categories": [
      1,
      1001,
      1001002
    ],
    "productName": "Sidrs Iļģuciema ābolu 5,7% 0,33l",
    "productPriceOld": null,
    "productPrice": {
      "value": 1.89,
      "unit": "€/gab"
    },
    "productPricePerUnit": {
      "value": 5.73,
      "unit": "€/l"
    },
    "productPriceWithLoyaltyCard": null,
    "productPricePerUnitWithLoyaltyCard": null,
    "imageUrl": "https://rimibaltic-res.cloudinary.com/image/upload/d_ecommerce:backend-fallback.png/MAT_1374432_PCE_LV",
    "available": true,
    "discount": null
  },
  {
    "shop": "MAXIMA",
    "categories": [
      1,
      1003,
      1003001
    ],
    "productName": "Alus LEFFE Blonde bezalk.0% 330ml sk.D",
    "productPriceOld": null,
    "productPrice": {
      "value": 1.89,
      "unit": "€"
    },
    "productPricePerUnit": {
      "value": 5.73,
      "unit": "€/l"
    },
    "productPriceWithLoyaltyCard": null,
    "productPricePerUnitWithLoyaltyCard": null,
    "imageUrl": "https://cdn.barbora.lv/products/c1e7201a-d53b-4715-b84f-294f6f90da31_s.png",
    "available": true,
    "discount": null
  },
  {
    "shop": "MAXIMA",
    "categories": [
      1,
      1003,
      1003001
    ],
    "productName": "Alus KOKMUIŽA Celmlauzis b/a 330ml D",
    "productPriceOld": null,
    "productPrice": {
      "value": 1.89,
      "unit": "€"
    },
    "productPricePerUnit": {
      "value": 5.73,
      "unit": "€/l"
    },
    "productPriceWithLoyaltyCard": null,
    "productPricePerUnitWithLoyaltyCard": null,
    "imageUrl": "https://cdn.barbora.lv/products/8ecd8258-20b3-4246-82c7-ef28437f9745_s.png",
    "available": true,
    "discount": null
  },
  {
    "shop": "MAXIMA",
    "categories": [
      1,
      1003,
      1003001
    ],
    "productName": "Alus KOKMUIŽA Duka bezalk.330ml D",
    "productPriceOld": null,
    "productPrice": {
      "value": 1.89,
      "unit": "€"
    },
    "productPricePerUnit": {
      "value": 5.73,
      "unit": "€/l"
    },
    "productPriceWithLoyaltyCard": null,
    "productPricePerUnitWithLoyaltyCard": null,
    "imageUrl": "https://cdn.barbora.lv/products/f9b5e838-cc72-485d-92c5-1f6185e7cd77_s.png",
    "available": true,
    "discount": null
  },
  {
    "shop": "MAXIMA",
    "categories": [
      1,
      1001,
      1001005
    ],
    "productName": "Alkoholiskais kokteilis HARTWALL Dzērveņu 5,5% 0,33L D",
    "productPriceOld": null,
    "productPrice": {
      "value": 1.89,
      "unit": "€"
    },
    "productPricePerUnit": {
      "value": 5.73,
      "unit": "€/l"
    },
    "productPriceWithLoyaltyCard": null,
    "productPricePerUnitWithLoyaltyCard": null,
    "imageUrl": "https://cdn.barbora.lv/products/5aae781b-0362-4932-bace-996fd3b55bb5_s.png",
    "available": true,
    "discount": null
  },
  {
    "shop": "MAXIMA",
    "categories": [
      1,
      1001,
      1001005
    ],
    "productName": "Alkoholiskais kokteilis ARTWALL Gin Long 5,5% 0,33L D",
    "productPriceOld": null,
    "productPrice": {
      "value": 1.89,
      "unit": "€"
    },
    "productPricePerUnit": {
      "value": 5.73,
      "unit": "€/l"
    },
    "productPriceWithLoyaltyCard": null,
    "productPricePerUnitWithLoyaltyCard": null,
    "imageUrl": "https://cdn.barbora.lv/products/f1428317-f35f-4099-b6eb-731e4cd286e3_s.png",
    "available": true,
    "discount": null
  },
  {
    "shop": "MAXIMA",
    "categories": [
      2,
      2001,
      20010015
    ],
    "productName": "Sausbaranciņas Tējas 400g",
    "productPriceOld": null,
    "productPrice": {
      "value": 2.29,
      "unit": "€"
    },
    "productPricePerUnit": {
      "value": 5.73,
      "unit": "€/kg"
    },
    "productPriceWithLoyaltyCard": null,
    "productPricePerUnitWithLoyaltyCard": null,
    "imageUrl": "https://cdn.barbora.lv/products/40299700-36e6-49de-974b-a1b7479ccd14_s.png",
    "available": true,
    "discount": null
  },
  {
    "shop": "CITRO",
    "categories": [
      1,
      1001,
      1001001
    ],
    "productName": "ALUS LEFFE BLONDE 6.6% 0.33L STIKLS",
    "productPriceOld": null,
    "productPrice": null,
    "productPricePerUnit": {
      "value": 5.73,
      "unit": "€/L"
    },
    "productPriceWithLoyaltyCard": null,
    "productPricePerUnitWithLoyaltyCard": null,
    "imageUrl": "https://rezekne.citro.lv/wp-content/uploads/2025/01/4750142007363-300x300.jpg",
    "available": true,
    "discount": null
  },
  {
    "shop": "CITRO",
    "categories": [
      1,
      1001,
      1001001
    ],
    "productName": "ALUS LEFFE BRUN OW 6.5% 0.33L STIKLS",
    "productPriceOld": null,
    "productPrice": null,
    "productPricePerUnit": {
      "value": 5.73,
      "unit": "€/L"
    },
    "productPriceWithLoyaltyCard": null,
    "productPricePerUnitWithLoyaltyCard": null,
    "imageUrl": "https://rezekne.citro.lv/wp-content/uploads/2025/01/4750142007370-300x300.jpg",
    "available": true,
    "discount": null
  },
  {
    "shop": "RIMI",
    "categories": [
      2,
      2001,
      2001002
    ],
    "productName": "Baltmaize Lāči īstā sagriezta 190g",
    "productPriceOld": null,
    "productPrice": {
      "value": 1.09,
      "unit": "€/gab"
    },
    "productPricePerUnit": {
      "value": 5.74,
      "unit": "€/kg"
    },
    "productPriceWithLoyaltyCard": null,
    "productPricePerUnitWithLoyaltyCard": null,
    "imageUrl": "https://rimibaltic-res.cloudinary.com/image/upload/d_ecommerce:backend-fallback.png/MAT_267732_PCE_LV",
    "available": true,
    "discount": null
  },
  {
    "shop": "MAXIMA",
    "categories": [
      1,
      1001,
      1001005
    ],
    "productName": "Alk.kokt. SHAKE CLUB up.āb.14,5% 0,5L D",
    "productPriceOld": null,
    "productPrice": {
      "value": 2.87,
      "unit": "€"
    },
    "productPricePerUnit": {
      "value": 5.74,
      "unit": "€/l"
    },
    "productPriceWithLoyaltyCard": null,
    "productPricePerUnitWithLoyaltyCard": null,
    "imageUrl": "https://cdn.barbora.lv/products/65d6848a-a468-4f3e-8aaa-78cc900ea0fd_s.png",
    "available": true,
    "discount": null
  },
  {
    "shop": "MAXIMA",
    "categories": [
      1,
      1001,
      1001005
    ],
    "productName": "Alk.kokt.SHAKE CLUB dzēr.āb.14,5% 0,5L D",
    "productPriceOld": null,
    "productPrice": {
      "value": 2.87,
      "unit": "€"
    },
    "productPricePerUnit": {
      "value": 5.74,
      "unit": "€/l"
    },
    "productPriceWithLoyaltyCard": null,
    "productPricePerUnitWithLoyaltyCard": null,
    "imageUrl": "https://cdn.barbora.lv/products/bdf22fc2-0fcb-4ec9-b964-3e5a8def3ad2_s.png",
    "available": true,
    "discount": null
  },
  {
    "shop": "MAXIMA",
    "categories": [
      1,
      1001,
      1001005
    ],
    "productName": "Alkoholiskais kokteilis SHAKE CLUB bumbieru-ābolu 14,5%500ml D",
    "productPriceOld": null,
    "productPrice": {
      "value": 2.87,
      "unit": "€"
    },
    "productPricePerUnit": {
      "value": 5.74,
      "unit": "€/l"
    },
    "productPriceWithLoyaltyCard": null,
    "productPricePerUnitWithLoyaltyCard": null,
    "imageUrl": "https://cdn.barbora.lv/products/ba1cea89-2cbc-42c2-8a7c-c0f462c7bbda_s.png",
    "available": true,
    "discount": null
  },
  {
    "shop": "MAXIMA",
    "categories": [
      1,
      1001,
      1001005
    ],
    "productName": "Alk.kokt.SHAKE CLUB ābolu 14,5% 0,5L D",
    "productPriceOld": null,
    "productPrice": {
      "value": 2.87,
      "unit": "€"
    },
    "productPricePerUnit": {
      "value": 5.74,
      "unit": "€/l"
    },
    "productPriceWithLoyaltyCard": null,
    "productPricePerUnitWithLoyaltyCard": null,
    "imageUrl": "https://cdn.barbora.lv/products/7762b66b-05b1-4c71-b4c4-dce72d70e37a_s.png",
    "available": true,
    "discount": null
  },
  {
    "shop": "MAXIMA",
    "categories": [
      1,
      1001,
      1001005
    ],
    "productName": "Alk.kokt. SHAKE CLUB zem.āb.14,5% 0,5L D",
    "productPriceOld": null,
    "productPrice": {
      "value": 2.87,
      "unit": "€"
    },
    "productPricePerUnit": {
      "value": 5.74,
      "unit": "€/l"
    },
    "productPriceWithLoyaltyCard": null,
    "productPricePerUnitWithLoyaltyCard": null,
    "imageUrl": "https://cdn.barbora.lv/products/0028f4a4-09d6-421d-81d0-01ddd48ecf5c_s.png",
    "available": true,
    "discount": null
  },
  {
    "shop": "RIMI",
    "categories": [
      2,
      2001,
      20010015
    ],
    "productName": "Sausiņi Rimi  ar rozīnēm 200g",
    "productPriceOld": null,
    "productPrice": {
      "value": 1.15,
      "unit": "€/gab"
    },
    "productPricePerUnit": {
      "value": 5.75,
      "unit": "€/kg"
    },
    "productPriceWithLoyaltyCard": null,
    "productPricePerUnitWithLoyaltyCard": null,
    "imageUrl": "https://rimibaltic-res.cloudinary.com/image/upload/d_ecommerce:backend-fallback.png/MAT_809401_PCE_LV",
    "available": true,
    "discount": null
  },
  {
    "shop": "MAXIMA",
    "categories": [
      1,
      1001,
      1001001
    ],
    "productName": "Alus VALMIERMUIŽA tumšais 5,8% 0,5L D",
    "productPriceOld": null,
    "productPrice": {
      "value": 2.88,
      "unit": "€"
    },
    "productPricePerUnit": {
      "value": 5.76,
      "unit": "€/l"
    },
    "productPriceWithLoyaltyCard": null,
    "productPricePerUnitWithLoyaltyCard": null,
    "imageUrl": "https://cdn.barbora.lv/products/0cb10a02-928d-40d8-b102-8fe94bc02421_s.png",
    "available": true,
    "discount": null
  },
  {
    "shop": "MAXIMA",
    "categories": [
      1,
      1001,
      1001001
    ],
    "productName": "Alus BIRRA MORETTI Lautent. 4,6%0,33L D",
    "productPriceOld": null,
    "productPrice": {
      "value": 1.9,
      "unit": "€"
    },
    "productPricePerUnit": {
      "value": 5.76,
      "unit": "€/l"
    },
    "productPriceWithLoyaltyCard": null,
    "productPricePerUnitWithLoyaltyCard": null,
    "imageUrl": "https://cdn.barbora.lv/products/4267d849-10b4-4557-bb04-3fa69df3962d_s.png",
    "available": true,
    "discount": null
  },
  {
    "shop": "RIMI",
    "categories": [
      1,
      1001,
      1001001
    ],
    "productName": "Alus Valmiermuižas tumšais 5,8% 0,5l",
    "productPriceOld": null,
    "productPrice": {
      "value": 2.89,
      "unit": "€/gab"
    },
    "productPricePerUnit": {
      "value": 5.78,
      "unit": "€/l"
    },
    "productPriceWithLoyaltyCard": null,
    "productPricePerUnitWithLoyaltyCard": null,
    "imageUrl": "https://rimibaltic-res.cloudinary.com/image/upload/d_ecommerce:backend-fallback.png/MAT_1354983_PCE_LV",
    "available": true,
    "discount": null
  },
  {
    "shop": "MAXIMA",
    "categories": [
      1,
      1001,
      1001005
    ],
    "productName": "Alk.kokt.GARAGE HARD C.PEAR 4,6% 0,275L",
    "productPriceOld": null,
    "productPrice": {
      "value": 1.59,
      "unit": "€"
    },
    "productPricePerUnit": {
      "value": 5.78,
      "unit": "€/l"
    },
    "productPriceWithLoyaltyCard": null,
    "productPricePerUnitWithLoyaltyCard": null,
    "imageUrl": "https://cdn.barbora.lv/products/b10ff9c3-4788-4bdb-a4b9-3d1562a09b7c_s.png",
    "available": true,
    "discount": null
  },
  {
    "shop": "RIMI",
    "categories": [
      2,
      2001,
      2001004
    ],
    "productName": "Rudzu ķiplokmaize Sprīdīša 240g",
    "productPriceOld": null,
    "productPrice": {
      "value": 1.39,
      "unit": "€/gab"
    },
    "productPricePerUnit": {
      "value": 5.79,
      "unit": "€/kg"
    },
    "productPriceWithLoyaltyCard": null,
    "productPricePerUnitWithLoyaltyCard": null,
    "imageUrl": "https://rimibaltic-res.cloudinary.com/image/upload/d_ecommerce:backend-fallback.png/MAT_924165_PCE_LV",
    "available": true,
    "discount": null
  },
  {
    "shop": "MAXIMA",
    "categories": [
      2,
      2001,
      2001004
    ],
    "productName": "Rudzu ķiplokmaize Sprīdīša DONA 240g",
    "productPriceOld": null,
    "productPrice": {
      "value": 1.39,
      "unit": "€"
    },
    "productPricePerUnit": {
      "value": 5.79,
      "unit": "€/kg"
    },
    "productPriceWithLoyaltyCard": null,
    "productPricePerUnitWithLoyaltyCard": null,
    "imageUrl": "https://cdn.barbora.lv/products/66dba933-8f86-4a97-aee2-021e4f7e6939_s.png",
    "available": true,
    "discount": null
  },
  {
    "shop": "MAXIMA",
    "categories": [
      2,
      2001,
      2001003
    ],
    "productName": "Tostermaize Toste mazā sēklu 250g",
    "productPriceOld": null,
    "productPrice": {
      "value": 1.45,
      "unit": "€"
    },
    "productPricePerUnit": {
      "value": 5.8,
      "unit": "€/kg"
    },
    "productPriceWithLoyaltyCard": null,
    "productPricePerUnitWithLoyaltyCard": null,
    "imageUrl": "https://cdn.barbora.lv/products/059d05c4-da49-443a-9b5c-63860988669e_s.png",
    "available": true,
    "discount": null
  },
  {
    "shop": "MAXIMA",
    "categories": [
      2,
      2001,
      2001006
    ],
    "productName": "Rupjmaize Lāči Īsta 480g",
    "productPriceOld": null,
    "productPrice": {
      "value": 2.79,
      "unit": "€"
    },
    "productPricePerUnit": {
      "value": 5.81,
      "unit": "€/kg"
    },
    "productPriceWithLoyaltyCard": null,
    "productPricePerUnitWithLoyaltyCard": null,
    "imageUrl": "https://cdn.barbora.lv/products/6766f3a6-6748-475e-a421-08ecbbc67a0a_s.png",
    "available": true,
    "discount": null
  },
  {
    "shop": "MAXIMA",
    "categories": [
      1,
      1001,
      1001003
    ],
    "productName": "Vīns J.P.CHENET White Med.Sw.11,5%3L BIB",
    "productPriceOld": {
      "value": 29.25,
      "unit": "€"
    },
    "productPrice": {
      "value": 29.25,
      "unit": "€"
    },
    "productPricePerUnit": {
      "value": 9.75,
      "unit": "€/l"
    },
    "productPriceWithLoyaltyCard": {
      "value": 17.49,
      "unit": "€"
    },
    "productPricePerUnitWithLoyaltyCard": {
      "value": 5.83,
      "unit": "€/l"
    },
    "imageUrl": "https://cdn.barbora.lv/products/d825b9c7-6205-4f4e-a9b7-6a15830f44c1_s.png",
    "available": true,
    "discount": 40
  },
  {
    "shop": "MAXIMA",
    "categories": [
      1,
      1001,
      1001003
    ],
    "productName": "Vīns J.P.CHENET Rouge Med.Sw.12% 3L BIB",
    "productPriceOld": {
      "value": 29.25,
      "unit": "€"
    },
    "productPrice": {
      "value": 29.25,
      "unit": "€"
    },
    "productPricePerUnit": {
      "value": 9.75,
      "unit": "€/l"
    },
    "productPriceWithLoyaltyCard": {
      "value": 17.49,
      "unit": "€"
    },
    "productPricePerUnitWithLoyaltyCard": {
      "value": 5.83,
      "unit": "€/l"
    },
    "imageUrl": "https://cdn.barbora.lv/products/78861bf3-0163-4173-859d-2958c17a1657_s.png",
    "available": true,
    "discount": 40
  },
  {
    "shop": "RIMI",
    "categories": [
      2,
      2001,
      20010011
    ],
    "productName": "Maize Gardā mellā ar saulespuķu sēklām 280g",
    "productPriceOld": null,
    "productPrice": {
      "value": 1.65,
      "unit": "€/gab"
    },
    "productPricePerUnit": {
      "value": 5.89,
      "unit": "€/kg"
    },
    "productPriceWithLoyaltyCard": null,
    "productPricePerUnitWithLoyaltyCard": null,
    "imageUrl": "https://rimibaltic-res.cloudinary.com/image/upload/d_ecommerce:backend-fallback.png/MAT_926952_PCE_LV",
    "available": true,
    "discount": null
  },
  {
    "shop": "RIMI",
    "categories": [
      2,
      2001,
      2001004
    ],
    "productName": "Rudzu maize Sējas ar graudiem liel. šķ. 280g",
    "productPriceOld": null,
    "productPrice": {
      "value": 1.65,
      "unit": "€/gab"
    },
    "productPricePerUnit": {
      "value": 5.89,
      "unit": "€/kg"
    },
    "productPriceWithLoyaltyCard": null,
    "productPricePerUnitWithLoyaltyCard": null,
    "imageUrl": "https://rimibaltic-res.cloudinary.com/image/upload/d_ecommerce:backend-fallback.png/MAT_939118_PCE_LV",
    "available": true,
    "discount": null
  },
  {
    "shop": "RIMI",
    "categories": [
      1,
      1001,
      1001001
    ],
    "productName": "Alus Guinness Draught 4,2% 0,44l",
    "productPriceOld": null,
    "productPrice": {
      "value": 3.19,
      "unit": "€/gab"
    },
    "productPricePerUnit": {
      "value": 7.25,
      "unit": "€/l"
    },
    "productPriceWithLoyaltyCard": {
      "value": 2.59,
      "unit": "€"
    },
    "productPricePerUnitWithLoyaltyCard": {
      "value": 5.89,
      "unit": "€/l"
    },
    "imageUrl": "https://rimibaltic-res.cloudinary.com/image/upload/d_ecommerce:backend-fallback.png/MAT_7042956_PCE_LV",
    "available": true,
    "discount": 19
  },
  {
    "shop": "MAXIMA",
    "categories": [
      2,
      2001,
      20010014
    ],
    "productName": "Burkānmaize LĀČI 440g",
    "productPriceOld": null,
    "productPrice": {
      "value": 2.59,
      "unit": "€"
    },
    "productPricePerUnit": {
      "value": 5.89,
      "unit": "€/kg"
    },
    "productPriceWithLoyaltyCard": null,
    "productPricePerUnitWithLoyaltyCard": null,
    "imageUrl": "https://cdn.barbora.lv/products/a6ddb0c6-1ec3-4b79-9df4-380775ed4453_s.png",
    "available": true,
    "discount": null
  },
  {
    "shop": "MAXIMA",
    "categories": [
      2,
      2001,
      2001005
    ],
    "productName": "Saldskābmaize Lāči Īsta 440g",
    "productPriceOld": null,
    "productPrice": {
      "value": 2.59,
      "unit": "€"
    },
    "productPricePerUnit": {
      "value": 5.89,
      "unit": "€/kg"
    },
    "productPriceWithLoyaltyCard": null,
    "productPricePerUnitWithLoyaltyCard": null,
    "imageUrl": "https://cdn.barbora.lv/products/5c672ff7-3396-4581-bf7b-53a07f95dfca_s.png",
    "available": true,
    "discount": null
  },
  {
    "shop": "RIMI",
    "categories": [
      1,
      1001,
      1001001
    ],
    "productName": "Alus Anarkist New England IPA 5,4% 0,5l",
    "productPriceOld": null,
    "productPrice": {
      "value": 2.95,
      "unit": "€/gab"
    },
    "productPricePerUnit": {
      "value": 5.9,
      "unit": "€/l"
    },
    "productPriceWithLoyaltyCard": null,
    "productPricePerUnitWithLoyaltyCard": null,
    "imageUrl": "https://rimibaltic-res.cloudinary.com/image/upload/d_ecommerce:backend-fallback.png/MAT_1368822_PCE_LV",
    "available": true,
    "discount": null
  },
  {
    "shop": "RIMI",
    "categories": [
      1,
      1001,
      1001001
    ],
    "productName": "Alus Anarkist New England IPA 5,4% 0,5l",
    "productPriceOld": null,
    "productPrice": {
      "value": 2.95,
      "unit": "€/gab"
    },
    "productPricePerUnit": {
      "value": 5.9,
      "unit": "€/l"
    },
    "productPriceWithLoyaltyCard": null,
    "productPricePerUnitWithLoyaltyCard": null,
    "imageUrl": "https://rimibaltic-res.cloudinary.com/image/upload/d_ecommerce:backend-fallback.png/MAT_1368822_PCE_LV",
    "available": true,
    "discount": null
  },
  {
    "shop": "RIMI",
    "categories": [
      1,
      1001,
      1001001
    ],
    "productName": "Alus Birra Moretti 4,6% 0,33l",
    "productPriceOld": null,
    "productPrice": {
      "value": 1.95,
      "unit": "€/gab"
    },
    "productPricePerUnit": {
      "value": 5.91,
      "unit": "€/l"
    },
    "productPriceWithLoyaltyCard": null,
    "productPricePerUnitWithLoyaltyCard": null,
    "imageUrl": "https://rimibaltic-res.cloudinary.com/image/upload/d_ecommerce:backend-fallback.png/MAT_1351134_PCE_LV",
    "available": true,
    "discount": null
  },
  {
    "shop": "RIMI",
    "categories": [
      1,
      1001,
      1001001
    ],
    "productName": "Alus Birra Moretti 4,6% 0,33l",
    "productPriceOld": null,
    "productPrice": {
      "value": 1.95,
      "unit": "€/gab"
    },
    "productPricePerUnit": {
      "value": 5.91,
      "unit": "€/l"
    },
    "productPriceWithLoyaltyCard": null,
    "productPricePerUnitWithLoyaltyCard": null,
    "imageUrl": "https://rimibaltic-res.cloudinary.com/image/upload/d_ecommerce:backend-fallback.png/MAT_1351134_PCE_LV",
    "available": true,
    "discount": null
  },
  {
    "shop": "MAXIMA",
    "categories": [
      2,
      2001,
      20010015
    ],
    "productName": "Baranciņas CENTUKAI 220g",
    "productPriceOld": null,
    "productPrice": {
      "value": 1.3,
      "unit": "€"
    },
    "productPricePerUnit": {
      "value": 5.91,
      "unit": "€/kg"
    },
    "productPriceWithLoyaltyCard": null,
    "productPricePerUnitWithLoyaltyCard": null,
    "imageUrl": "https://cdn.barbora.lv/products/26c1db5e-be57-4414-80c1-ba349e120d6d_s.png",
    "available": true,
    "discount": null
  },
  {
    "shop": "RIMI",
    "categories": [
      2,
      2001,
      20010014
    ],
    "productName": "Maiziņš siera 200g",
    "productPriceOld": {
      "value": 1.49,
      "unit": "€"
    },
    "productPrice": {
      "value": 1.19,
      "unit": "€/gab"
    },
    "productPricePerUnit": {
      "value": 5.95,
      "unit": "€/kg"
    },
    "productPriceWithLoyaltyCard": null,
    "productPricePerUnitWithLoyaltyCard": null,
    "imageUrl": "https://rimibaltic-res.cloudinary.com/image/upload/d_ecommerce:backend-fallback.png/MAT_937637_PCE_LV",
    "available": true,
    "discount": 20
  },
  {
    "shop": "RIMI",
    "categories": [
      2,
      2001,
      20010015
    ],
    "productName": "Sausiņi mini Siguldas maizn.ar roz.200g",
    "productPriceOld": null,
    "productPrice": {
      "value": 1.19,
      "unit": "€/gab"
    },
    "productPricePerUnit": {
      "value": 5.95,
      "unit": "€/kg"
    },
    "productPriceWithLoyaltyCard": null,
    "productPricePerUnitWithLoyaltyCard": null,
    "imageUrl": "https://rimibaltic-res.cloudinary.com/image/upload/d_ecommerce:backend-fallback.png/MAT_141502_PCE_LV",
    "available": true,
    "discount": null
  },
  {
    "shop": "MAXIMA",
    "categories": [
      2,
      2001,
      20010015
    ],
    "productName": "Sausiņi Siguldas mini ar rozīnēm 200g",
    "productPriceOld": null,
    "productPrice": {
      "value": 1.19,
      "unit": "€"
    },
    "productPricePerUnit": {
      "value": 5.95,
      "unit": "€/kg"
    },
    "productPriceWithLoyaltyCard": null,
    "productPricePerUnitWithLoyaltyCard": null,
    "imageUrl": "https://cdn.barbora.lv/products/d92eaf39-a600-4ed1-b371-818c02a66d82_s.png",
    "available": true,
    "discount": null
  },
  {
    "shop": "RIMI",
    "categories": [
      1,
      1002,
      10010021
    ],
    "productName": "Gāzēts dzēriens Chupa Chups zemeņu 250ml",
    "productPriceOld": null,
    "productPrice": {
      "value": 1.49,
      "unit": "€/gab"
    },
    "productPricePerUnit": {
      "value": 5.96,
      "unit": "€/l"
    },
    "productPriceWithLoyaltyCard": null,
    "productPricePerUnitWithLoyaltyCard": null,
    "imageUrl": "https://rimibaltic-res.cloudinary.com/image/upload/d_ecommerce:backend-fallback.png/MAT_1371792_PCE_LV",
    "available": true,
    "discount": null
  },
  {
    "shop": "CITRO",
    "categories": [
      1,
      1002,
      10010022
    ],
    "productName": "ENERĢIJAS DZĒRIENS RED BULL SUGAR FREE 0.25L CAN",
    "productPriceOld": null,
    "productPrice": null,
    "productPricePerUnit": {
      "value": 5.96,
      "unit": "€/L"
    },
    "productPriceWithLoyaltyCard": null,
    "productPricePerUnitWithLoyaltyCard": null,
    "imageUrl": "https://rezekne.citro.lv/wp-content/uploads/2024/03/90453137-300x300.jpg",
    "available": true,
    "discount": null
  },
  {
    "shop": "RIMI",
    "categories": [
      2,
      2001,
      2001005
    ],
    "productName": "Saldskābmaize Limbažu ar sēklām un gr. 300g",
    "productPriceOld": null,
    "productPrice": {
      "value": 1.79,
      "unit": "€/gab"
    },
    "productPricePerUnit": {
      "value": 5.97,
      "unit": "€/kg"
    },
    "productPriceWithLoyaltyCard": null,
    "productPricePerUnitWithLoyaltyCard": null,
    "imageUrl": "https://rimibaltic-res.cloudinary.com/image/upload/d_ecommerce:backend-fallback.png/MAT_909816_PCE_LV",
    "available": true,
    "discount": null
  },
  {
    "shop": "RIMI",
    "categories": [
      2,
      2001,
      2001005
    ],
    "productName": "Saldskābmaize Kuldīgas Garšīgā ar plūmēm 400g",
    "productPriceOld": null,
    "productPrice": {
      "value": 2.39,
      "unit": "€/gab"
    },
    "productPricePerUnit": {
      "value": 5.97,
      "unit": "€/kg"
    },
    "productPriceWithLoyaltyCard": null,
    "productPricePerUnitWithLoyaltyCard": null,
    "imageUrl": "https://rimibaltic-res.cloudinary.com/image/upload/d_ecommerce:backend-fallback.png/MAT_900989_PCE_LV",
    "available": true,
    "discount": null
  },
  {
    "shop": "RIMI",
    "categories": [
      1,
      1002,
      10010020
    ],
    "productName": "Apelsīnu sula Selection by Rimi 500ml",
    "productPriceOld": null,
    "productPrice": {
      "value": 2.99,
      "unit": "€/gab"
    },
    "productPricePerUnit": {
      "value": 5.98,
      "unit": "€/l"
    },
    "productPriceWithLoyaltyCard": null,
    "productPricePerUnitWithLoyaltyCard": null,
    "imageUrl": "https://rimibaltic-res.cloudinary.com/image/upload/d_ecommerce:backend-fallback.png/MAT_924304_PCE_LV",
    "available": true,
    "discount": null
  },
  {
    "shop": "RIMI",
    "categories": [
      1,
      1002,
      10010020
    ],
    "productName": "Smūtijs Selection by Rimi Tropical chia 0,5l",
    "productPriceOld": null,
    "productPrice": {
      "value": 2.99,
      "unit": "€/gab"
    },
    "productPricePerUnit": {
      "value": 5.98,
      "unit": "€/l"
    },
    "productPriceWithLoyaltyCard": null,
    "productPricePerUnitWithLoyaltyCard": null,
    "imageUrl": "https://rimibaltic-res.cloudinary.com/image/upload/d_ecommerce:backend-fallback.png/MAT_815189_PCE_LV",
    "available": true,
    "discount": null
  },
  {
    "shop": "RIMI",
    "categories": [
      1,
      1002,
      10010020
    ],
    "productName": "Ābolu-zemeņu smūtijs Rimi Selection 500ml",
    "productPriceOld": null,
    "productPrice": {
      "value": 2.99,
      "unit": "€/gab"
    },
    "productPricePerUnit": {
      "value": 5.98,
      "unit": "€/l"
    },
    "productPriceWithLoyaltyCard": null,
    "productPricePerUnitWithLoyaltyCard": null,
    "imageUrl": "https://rimibaltic-res.cloudinary.com/image/upload/d_ecommerce:backend-fallback.png/MAT_986715_PCE_LV",
    "available": true,
    "discount": null
  },
  {
    "shop": "RIMI",
    "categories": [
      1,
      1002,
      10010020
    ],
    "productName": "Ābolu,melleņu,ingvera sula Rimi 500ml",
    "productPriceOld": null,
    "productPrice": {
      "value": 2.99,
      "unit": "€/gab"
    },
    "productPricePerUnit": {
      "value": 5.98,
      "unit": "€/l"
    },
    "productPriceWithLoyaltyCard": null,
    "productPricePerUnitWithLoyaltyCard": null,
    "imageUrl": "https://rimibaltic-res.cloudinary.com/image/upload/d_ecommerce:backend-fallback.png/MAT_986720_PCE_LV",
    "available": true,
    "discount": null
  },
  {
    "shop": "RIMI",
    "categories": [
      1,
      1002,
      10010020
    ],
    "productName": "Smūtijs Mango un avokado 0,5l Rimi",
    "productPriceOld": null,
    "productPrice": {
      "value": 2.99,
      "unit": "€/gab"
    },
    "productPricePerUnit": {
      "value": 5.98,
      "unit": "€/l"
    },
    "productPriceWithLoyaltyCard": null,
    "productPricePerUnitWithLoyaltyCard": null,
    "imageUrl": "https://rimibaltic-res.cloudinary.com/image/upload/d_ecommerce:backend-fallback.png/MAT_815178_PCE_LV",
    "available": true,
    "discount": null
  },
  {
    "shop": "RIMI",
    "categories": [
      1,
      1002,
      10010020
    ],
    "productName": "Bumbieru,mango,piparm. sula Rimi 500ml",
    "productPriceOld": null,
    "productPrice": {
      "value": 2.99,
      "unit": "€/gab"
    },
    "productPricePerUnit": {
      "value": 5.98,
      "unit": "€/l"
    },
    "productPriceWithLoyaltyCard": null,
    "productPricePerUnitWithLoyaltyCard": null,
    "imageUrl": "https://rimibaltic-res.cloudinary.com/image/upload/d_ecommerce:backend-fallback.png/MAT_986709_PCE_LV",
    "available": true,
    "discount": null
  },
  {
    "shop": "RIMI",
    "categories": [
      1,
      1002,
      10010020
    ],
    "productName": "Sula Ābolu, bumbieru un aveņu 0,5l Rimi",
    "productPriceOld": null,
    "productPrice": {
      "value": 2.99,
      "unit": "€/gab"
    },
    "productPricePerUnit": {
      "value": 5.98,
      "unit": "€/l"
    },
    "productPriceWithLoyaltyCard": null,
    "productPricePerUnitWithLoyaltyCard": null,
    "imageUrl": "https://rimibaltic-res.cloudinary.com/image/upload/d_ecommerce:backend-fallback.png/MAT_815179_PCE_LV",
    "available": true,
    "discount": null
  },
  {
    "shop": "RIMI",
    "categories": [
      1,
      1002,
      10010027
    ],
    "productName": "Dzēriens Vitamin Well Hydrate 500ml",
    "productPriceOld": null,
    "productPrice": {
      "value": 2.99,
      "unit": "€/gab"
    },
    "productPricePerUnit": {
      "value": 5.98,
      "unit": "€/l"
    },
    "productPriceWithLoyaltyCard": null,
    "productPricePerUnitWithLoyaltyCard": null,
    "imageUrl": "https://rimibaltic-res.cloudinary.com/image/upload/d_ecommerce:backend-fallback.png/MAT_1363323_PCE_LV",
    "available": true,
    "discount": null
  },
  {
    "shop": "RIMI",
    "categories": [
      1,
      1002,
      10010027
    ],
    "productName": "Dzēriens Vitamin Well Celebrate 500ml",
    "productPriceOld": null,
    "productPrice": {
      "value": 2.99,
      "unit": "€/gab"
    },
    "productPricePerUnit": {
      "value": 5.98,
      "unit": "€/l"
    },
    "productPriceWithLoyaltyCard": null,
    "productPricePerUnitWithLoyaltyCard": null,
    "imageUrl": "https://rimibaltic-res.cloudinary.com/image/upload/d_ecommerce:backend-fallback.png/MAT_1366401_PCE_LV",
    "available": true,
    "discount": null
  },
  {
    "shop": "RIMI",
    "categories": [
      1,
      1003,
      1003001
    ],
    "productName": "Alus Paulaner Hefe Weissbier bezalkoh. 0,5l",
    "productPriceOld": null,
    "productPrice": {
      "value": 2.99,
      "unit": "€/gab"
    },
    "productPricePerUnit": {
      "value": 5.98,
      "unit": "€/l"
    },
    "productPriceWithLoyaltyCard": null,
    "productPricePerUnitWithLoyaltyCard": null,
    "imageUrl": "https://rimibaltic-res.cloudinary.com/image/upload/d_ecommerce:backend-fallback.png/MAT_1357792_PCE_LV",
    "available": true,
    "discount": null
  },
  {
    "shop": "RIMI",
    "categories": [
      1,
      1002,
      10010027
    ],
    "productName": "Dzēriens Vitamin Well Active 500ml",
    "productPriceOld": null,
    "productPrice": {
      "value": 2.99,
      "unit": "€/gab"
    },
    "productPricePerUnit": {
      "value": 5.98,
      "unit": "€/l"
    },
    "productPriceWithLoyaltyCard": null,
    "productPricePerUnitWithLoyaltyCard": null,
    "imageUrl": "https://rimibaltic-res.cloudinary.com/image/upload/d_ecommerce:backend-fallback.png/MAT_1372961_PCE_LV",
    "available": true,
    "discount": null
  },
  {
    "shop": "RIMI",
    "categories": [
      1,
      1002,
      10010027
    ],
    "productName": "Dzēriens Vitamin Well Upgrade 500ml",
    "productPriceOld": null,
    "productPrice": {
      "value": 2.99,
      "unit": "€/gab"
    },
    "productPricePerUnit": {
      "value": 5.98,
      "unit": "€/l"
    },
    "productPriceWithLoyaltyCard": null,
    "productPricePerUnitWithLoyaltyCard": null,
    "imageUrl": "https://rimibaltic-res.cloudinary.com/image/upload/d_ecommerce:backend-fallback.png/MAT_1359270_PCE_LV",
    "available": true,
    "discount": null
  },
  {
    "shop": "MAXIMA",
    "categories": [
      2,
      2001,
      20010014
    ],
    "productName": "Gardmaize augļu ar riekstiem LM 500g",
    "productPriceOld": null,
    "productPrice": {
      "value": 2.99,
      "unit": "€"
    },
    "productPricePerUnit": {
      "value": 5.98,
      "unit": "€/kg"
    },
    "productPriceWithLoyaltyCard": null,
    "productPricePerUnitWithLoyaltyCard": null,
    "imageUrl": "https://cdn.barbora.lv/products/bf8dd440-d37d-4c84-94da-c3e36cc59e93_s.png",
    "available": true,
    "discount": null
  },
  {
    "shop": "CITRO",
    "categories": [
      2,
      2001,
      20010015
    ],
    "productName": "SAUSIŅI AR ROZĪNĒM BIG PACK 500G",
    "productPriceOld": null,
    "productPrice": null,
    "productPricePerUnit": {
      "value": 5.98,
      "unit": "€/KG"
    },
    "productPriceWithLoyaltyCard": null,
    "productPricePerUnitWithLoyaltyCard": null,
    "imageUrl": "https://rezekne.citro.lv/wp-content/uploads/2020/12/4750163986562-293x300.jpg",
    "available": true,
    "discount": null
  },
  {
    "shop": "CITRO",
    "categories": [
      2,
      2001,
      20010015
    ],
    "productName": "SAUSIŅI PIENA AR IEBIEZINĀTU PIENU BIG PACK 500G",
    "productPriceOld": null,
    "productPrice": null,
    "productPricePerUnit": {
      "value": 5.98,
      "unit": "€/KG"
    },
    "productPriceWithLoyaltyCard": null,
    "productPricePerUnitWithLoyaltyCard": null,
    "imageUrl": "https://rezekne.citro.lv/wp-content/uploads/2020/12/4750163986579-300x300.jpg",
    "available": true,
    "discount": null
  },
  {
    "shop": "RIMI",
    "categories": [
      1,
      1001,
      1001003
    ],
    "productName": "Baltvīns Chill Out Chenin Blanc 13,5% 1,5l",
    "productPriceOld": null,
    "productPrice": {
      "value": 14.99,
      "unit": "€/gab"
    },
    "productPricePerUnit": {
      "value": 9.99,
      "unit": "€/l"
    },
    "productPriceWithLoyaltyCard": {
      "value": 8.99,
      "unit": "€"
    },
    "productPricePerUnitWithLoyaltyCard": {
      "value": 5.99,
      "unit": "€/l"
    },
    "imageUrl": "https://rimibaltic-res.cloudinary.com/image/upload/d_ecommerce:backend-fallback.png/MAT_7036152_PCE_LV",
    "available": true,
    "discount": 40
  },
  {
    "shop": "MAXIMA",
    "categories": [
      1,
      1001,
      1001003
    ],
    "productName": "Dzirkstošais vīns BOSCA White 7,5% 0,75L",
    "productPriceOld": null,
    "productPrice": {
      "value": 4.49,
      "unit": "€"
    },
    "productPricePerUnit": {
      "value": 5.99,
      "unit": "€/l"
    },
    "productPriceWithLoyaltyCard": null,
    "productPricePerUnitWithLoyaltyCard": null,
    "imageUrl": "https://cdn.barbora.lv/products/d88ac2ed-d1d9-4b2f-a938-b64b9d542e6c_s.png",
    "available": true,
    "discount": null
  },
  {
    "shop": "MAXIMA",
    "categories": [
      1,
      1001,
      1001006
    ],
    "productName": "Vermuts VIVIANO Bianco 15% 1L",
    "productPriceOld": {
      "value": 8.45,
      "unit": "€"
    },
    "productPrice": {
      "value": 8.45,
      "unit": "€"
    },
    "productPricePerUnit": {
      "value": 8.45,
      "unit": "€/l"
    },
    "productPriceWithLoyaltyCard": {
      "value": 5.99,
      "unit": "€"
    },
    "productPricePerUnitWithLoyaltyCard": {
      "value": 5.99,
      "unit": "€/l"
    },
    "imageUrl": "https://cdn.barbora.lv/products/3e607d82-1ebc-47d4-8190-4f4de5166072_s.png",
    "available": true,
    "discount": 29
  },
  {
    "shop": "MAXIMA",
    "categories": [
      1,
      1001,
      1001003
    ],
    "productName": "Dzirkst. vīns FESTIVE MOMENTS 8% 0,75L",
    "productPriceOld": null,
    "productPrice": {
      "value": 4.49,
      "unit": "€"
    },
    "productPricePerUnit": {
      "value": 5.99,
      "unit": "€/l"
    },
    "productPriceWithLoyaltyCard": null,
    "productPricePerUnitWithLoyaltyCard": null,
    "imageUrl": "https://cdn.barbora.lv/products/08039f2f-9128-4764-82c6-f28eee748be4_s.png",
    "available": true,
    "discount": null
  },
  {
    "shop": "MAXIMA",
    "categories": [
      1,
      1001,
      1001006
    ],
    "productName": "Vermuts VIVIANO Rosso 15% 1L",
    "productPriceOld": {
      "value": 8.45,
      "unit": "€"
    },
    "productPrice": {
      "value": 8.45,
      "unit": "€"
    },
    "productPricePerUnit": {
      "value": 8.45,
      "unit": "€/l"
    },
    "productPriceWithLoyaltyCard": {
      "value": 5.99,
      "unit": "€"
    },
    "productPricePerUnitWithLoyaltyCard": {
      "value": 5.99,
      "unit": "€/l"
    },
    "imageUrl": "https://cdn.barbora.lv/products/29ed19bd-3f5a-4763-abe0-33ec772d3bb9_s.png",
    "available": true,
    "discount": 29
  },
  {
    "shop": "CITRO",
    "categories": [
      1,
      1001,
      1001003
    ],
    "productName": "VĪNA DZ.AROMAT. TOTINO CHERRY 14.5% 1L",
    "productPriceOld": {
      "value": 8.49,
      "unit": "€"
    },
    "productPrice": {
      "value": 5.99,
      "unit": "€"
    },
    "productPricePerUnit": {
      "value": 5.99,
      "unit": "€/L"
    },
    "productPriceWithLoyaltyCard": null,
    "productPricePerUnitWithLoyaltyCard": null,
    "imageUrl": "https://rezekne.citro.lv/wp-content/uploads/2021/02/5901064764103-300x300.jpg",
    "available": true,
    "discount": 29
  },
  {
    "shop": "CITRO",
    "categories": [
      1,
      1001,
      1001003
    ],
    "productName": "VĪNA DZ.AROMAT. TOTINO BIANCO 14.5% 1L",
    "productPriceOld": {
      "value": 8.49,
      "unit": "€"
    },
    "productPrice": {
      "value": 5.99,
      "unit": "€"
    },
    "productPricePerUnit": {
      "value": 5.99,
      "unit": "€/L"
    },
    "productPriceWithLoyaltyCard": null,
    "productPricePerUnitWithLoyaltyCard": null,
    "imageUrl": "https://rezekne.citro.lv/wp-content/uploads/2020/12/5901064000287-300x300.jpg",
    "available": true,
    "discount": 29
  },
  {
    "shop": "CITRO",
    "categories": [
      1,
      1001,
      1001003
    ],
    "productName": "VĪNS S. BOLLINO ROSSO 10% 0.75L",
    "productPriceOld": {
      "value": 4.79,
      "unit": "€"
    },
    "productPrice": {
      "value": 4.49,
      "unit": "€"
    },
    "productPricePerUnit": {
      "value": 5.99,
      "unit": "€/L"
    },
    "productPriceWithLoyaltyCard": null,
    "productPricePerUnitWithLoyaltyCard": null,
    "imageUrl": "https://rezekne.citro.lv/wp-content/uploads/2022/07/4740158007389-300x300.jpg",
    "available": true,
    "discount": 6
  },
  {
    "shop": "CITRO",
    "categories": [
      1,
      1001,
      1001003
    ],
    "productName": "VĪNS B. BOLLINO BIANCO 10% 0.75L",
    "productPriceOld": {
      "value": 4.79,
      "unit": "€"
    },
    "productPrice": {
      "value": 4.49,
      "unit": "€"
    },
    "productPricePerUnit": {
      "value": 5.99,
      "unit": "€/L"
    },
    "productPriceWithLoyaltyCard": null,
    "productPricePerUnitWithLoyaltyCard": null,
    "imageUrl": "https://rezekne.citro.lv/wp-content/uploads/2022/07/4740158007341-300x300.jpg",
    "available": true,
    "discount": 6
  },
  {
    "shop": "CITRO",
    "categories": [
      1,
      1001,
      1001006
    ],
    "productName": "VERMUTS TOSO BIANCO 14.8% 1L",
    "productPriceOld": null,
    "productPrice": null,
    "productPricePerUnit": {
      "value": 5.99,
      "unit": "€/L"
    },
    "productPriceWithLoyaltyCard": null,
    "productPricePerUnitWithLoyaltyCard": null,
    "imageUrl": "https://rezekne.citro.lv/wp-content/uploads/2020/12/8002915000924-300x300.jpg",
    "available": true,
    "discount": null
  },
  {
    "shop": "RIMI",
    "categories": [
      1,
      1001,
      1001001
    ],
    "productName": "Alus Paulaner Original Munc. Hell 4,9% 5l",
    "productPriceOld": null,
    "productPrice": {
      "value": 29.99,
      "unit": "€/gab"
    },
    "productPricePerUnit": {
      "value": 6,
      "unit": "€/l"
    },
    "productPriceWithLoyaltyCard": null,
    "productPricePerUnitWithLoyaltyCard": null,
    "imageUrl": "https://rimibaltic-res.cloudinary.com/image/upload/d_ecommerce:backend-fallback.png/MAT_7066827_PCE_LV",
    "available": true,
    "discount": null
  },
  {
    "shop": "MAXIMA",
    "categories": [
      1,
      1001,
      1001001
    ],
    "productName": "Alus PAULANER ORIGINAL 4,9% 0,5L D",
    "productPriceOld": null,
    "productPrice": {
      "value": 3.01,
      "unit": "€"
    },
    "productPricePerUnit": {
      "value": 6.02,
      "unit": "€/l"
    },
    "productPriceWithLoyaltyCard": null,
    "productPricePerUnitWithLoyaltyCard": null,
    "imageUrl": "https://cdn.barbora.lv/products/2a401abd-dc23-447a-96a0-fde1af5190c7_s.png",
    "available": true,
    "discount": null
  },
  {
    "shop": "RIMI",
    "categories": [
      2,
      2001,
      20010014
    ],
    "productName": "Maize ar olīvām kalamata 330g",
    "productPriceOld": null,
    "productPrice": {
      "value": 1.99,
      "unit": "€/gab"
    },
    "productPricePerUnit": {
      "value": 6.03,
      "unit": "€/kg"
    },
    "productPriceWithLoyaltyCard": null,
    "productPricePerUnitWithLoyaltyCard": null,
    "imageUrl": "https://rimibaltic-res.cloudinary.com/image/upload/d_ecommerce:backend-fallback.png/MAT_924216_PCE_LV",
    "available": true,
    "discount": null
  },
  {
    "shop": "RIMI",
    "categories": [
      1,
      1002,
      10010022
    ],
    "productName": "Enerģijas dzēr. Brite ananāsu un mango 330ml",
    "productPriceOld": null,
    "productPrice": {
      "value": 1.99,
      "unit": "€/gab"
    },
    "productPricePerUnit": {
      "value": 6.03,
      "unit": "€/l"
    },
    "productPriceWithLoyaltyCard": null,
    "productPricePerUnitWithLoyaltyCard": null,
    "imageUrl": "https://rimibaltic-res.cloudinary.com/image/upload/d_ecommerce:backend-fallback.png/MAT_1373353_PCE_LV",
    "available": true,
    "discount": null
  },
  {
    "shop": "RIMI",
    "categories": [
      1,
      1002,
      10010022
    ],
    "productName": "Enerģijas dz. Brite aveņu un piparmētru 330ml",
    "productPriceOld": null,
    "productPrice": {
      "value": 1.99,
      "unit": "€/gab"
    },
    "productPricePerUnit": {
      "value": 6.03,
      "unit": "€/l"
    },
    "productPriceWithLoyaltyCard": null,
    "productPricePerUnitWithLoyaltyCard": null,
    "imageUrl": "https://rimibaltic-res.cloudinary.com/image/upload/d_ecommerce:backend-fallback.png/MAT_1373351_PCE_LV",
    "available": true,
    "discount": null
  },
  {
    "shop": "RIMI",
    "categories": [
      1,
      1003,
      1003005
    ],
    "productName": "Bezalk. dzēr. Gardu Muti cidoniju BIO 0,33l",
    "productPriceOld": null,
    "productPrice": {
      "value": 1.99,
      "unit": "€/gab"
    },
    "productPricePerUnit": {
      "value": 6.03,
      "unit": "€/l"
    },
    "productPriceWithLoyaltyCard": null,
    "productPricePerUnitWithLoyaltyCard": null,
    "imageUrl": "https://rimibaltic-res.cloudinary.com/image/upload/d_ecommerce:backend-fallback.png/MAT_1374870_PCE_LV",
    "available": true,
    "discount": null
  },
  {
    "shop": "RIMI",
    "categories": [
      1,
      1002,
      10010022
    ],
    "productName": "Enerģijas dzēr. Brite citrona un laima 330ml",
    "productPriceOld": null,
    "productPrice": {
      "value": 1.99,
      "unit": "€/gab"
    },
    "productPricePerUnit": {
      "value": 6.03,
      "unit": "€/l"
    },
    "productPriceWithLoyaltyCard": null,
    "productPricePerUnitWithLoyaltyCard": null,
    "imageUrl": "https://rimibaltic-res.cloudinary.com/image/upload/d_ecommerce:backend-fallback.png/MAT_1373352_PCE_LV",
    "available": true,
    "discount": null
  },
  {
    "shop": "RIMI",
    "categories": [
      1,
      1001,
      1001005
    ],
    "productName": "Alkoh. kokteilis Hartwall Orange 5,5% 0,33l",
    "productPriceOld": null,
    "productPrice": {
      "value": 1.99,
      "unit": "€/gab"
    },
    "productPricePerUnit": {
      "value": 6.03,
      "unit": "€/l"
    },
    "productPriceWithLoyaltyCard": null,
    "productPricePerUnitWithLoyaltyCard": null,
    "imageUrl": "https://rimibaltic-res.cloudinary.com/image/upload/d_ecommerce:backend-fallback.png/MAT_1374163_PCE_LV",
    "available": true,
    "discount": null
  },
  {
    "shop": "RIMI",
    "categories": [
      1,
      1001,
      1001005
    ],
    "productName": "Alk. kokt. Koskenkorva Village tea 4,7% 0,33l",
    "productPriceOld": {
      "value": 2.59,
      "unit": "€"
    },
    "productPrice": {
      "value": 1.99,
      "unit": "€/gab"
    },
    "productPricePerUnit": {
      "value": 6.03,
      "unit": "€/l"
    },
    "productPriceWithLoyaltyCard": null,
    "productPricePerUnitWithLoyaltyCard": null,
    "imageUrl": "https://rimibaltic-res.cloudinary.com/image/upload/d_ecommerce:backend-fallback.png/MAT_1364957_PCE_LV",
    "available": true,
    "discount": 23
  },
  {
    "shop": "MAXIMA",
    "categories": [
      1,
      1002,
      10010020
    ],
    "productName": "Sula burkānu-biešu 330ml D",
    "productPriceOld": null,
    "productPrice": {
      "value": 1.99,
      "unit": "€"
    },
    "productPricePerUnit": {
      "value": 6.03,
      "unit": "€/l"
    },
    "productPriceWithLoyaltyCard": null,
    "productPricePerUnitWithLoyaltyCard": null,
    "imageUrl": "https://cdn.barbora.lv/products/bbaeef97-99cf-4c30-81c5-924df83f2753_s.png",
    "available": true,
    "discount": null
  },
  {
    "shop": "MAXIMA",
    "categories": [
      1,
      1002,
      10010020
    ],
    "productName": "Sula ābolu-biešu 330ml D",
    "productPriceOld": null,
    "productPrice": {
      "value": 1.99,
      "unit": "€"
    },
    "productPricePerUnit": {
      "value": 6.03,
      "unit": "€/l"
    },
    "productPriceWithLoyaltyCard": null,
    "productPricePerUnitWithLoyaltyCard": null,
    "imageUrl": "https://cdn.barbora.lv/products/4de21266-5604-4a1d-9254-95f184604809_s.png",
    "available": true,
    "discount": null
  },
  {
    "shop": "MAXIMA",
    "categories": [
      1,
      1002,
      10010020
    ],
    "productName": "Sula biešu 330ml D",
    "productPriceOld": null,
    "productPrice": {
      "value": 1.99,
      "unit": "€"
    },
    "productPricePerUnit": {
      "value": 6.03,
      "unit": "€/l"
    },
    "productPriceWithLoyaltyCard": null,
    "productPricePerUnitWithLoyaltyCard": null,
    "imageUrl": "https://cdn.barbora.lv/products/3f5dffc8-a252-4638-be9d-6358985a9d49_s.png",
    "available": true,
    "discount": null
  },
  {
    "shop": "MAXIMA",
    "categories": [
      1,
      1003,
      1003001
    ],
    "productName": "Alus KOKMUIŽAS Brīze bezalk.0% 330ml D",
    "productPriceOld": null,
    "productPrice": {
      "value": 1.99,
      "unit": "€"
    },
    "productPricePerUnit": {
      "value": 6.03,
      "unit": "€/l"
    },
    "productPriceWithLoyaltyCard": null,
    "productPricePerUnitWithLoyaltyCard": null,
    "imageUrl": "https://cdn.barbora.lv/products/559474e5-629b-4239-9e33-9eeb9591783c_s.png",
    "available": true,
    "discount": null
  },
  {
    "shop": "MAXIMA",
    "categories": [
      1,
      1001,
      1001005
    ],
    "productName": "Alkoholiskais kokteilis JIM BEAM&Cola 4,5% 0,33L D",
    "productPriceOld": {
      "value": 3.05,
      "unit": "€"
    },
    "productPrice": {
      "value": 3.05,
      "unit": "€"
    },
    "productPricePerUnit": {
      "value": 9.24,
      "unit": "€/l"
    },
    "productPriceWithLoyaltyCard": {
      "value": 1.99,
      "unit": "€"
    },
    "productPricePerUnitWithLoyaltyCard": {
      "value": 6.03,
      "unit": "€/l"
    },
    "imageUrl": "https://cdn.barbora.lv/products/ed6faf66-dcf8-45ed-be50-55d8d8e8912f_s.png",
    "available": true,
    "discount": 35
  },
  {
    "shop": "CITRO",
    "categories": [
      1,
      1002,
      10010026
    ],
    "productName": "DZĒRIENS BEZALK.KOMBUČA AR ACAI OGU EKSTRAKTU DIMDIŅI 330ML",
    "productPriceOld": null,
    "productPrice": null,
    "productPricePerUnit": {
      "value": 6.03,
      "unit": "€/L"
    },
    "productPriceWithLoyaltyCard": null,
    "productPricePerUnitWithLoyaltyCard": null,
    "imageUrl": "https://rezekne.citro.lv/wp-content/uploads/2024/07/4751001624448-300x300.jpg",
    "available": true,
    "discount": null
  },
  {
    "shop": "CITRO",
    "categories": [
      1,
      1002,
      10010026
    ],
    "productName": "DZĒRIENS BEZALK.KOMBUČA DIMDIŅI 330ML",
    "productPriceOld": null,
    "productPrice": null,
    "productPricePerUnit": {
      "value": 6.03,
      "unit": "€/L"
    },
    "productPriceWithLoyaltyCard": null,
    "productPricePerUnitWithLoyaltyCard": null,
    "imageUrl": "https://rezekne.citro.lv/wp-content/uploads/2024/07/4751001624431-300x300.jpg",
    "available": true,
    "discount": null
  },
  {
    "shop": "RIMI",
    "categories": [
      2,
      2001,
      2001004
    ],
    "productName": "Rudzu graudu maize Lielezers sagriezta 280g",
    "productPriceOld": null,
    "productPrice": {
      "value": 1.69,
      "unit": "€/gab"
    },
    "productPricePerUnit": {
      "value": 6.04,
      "unit": "€/kg"
    },
    "productPriceWithLoyaltyCard": null,
    "productPricePerUnitWithLoyaltyCard": null,
    "imageUrl": "https://rimibaltic-res.cloudinary.com/image/upload/d_ecommerce:backend-fallback.png/MAT_996297_PCE_LV",
    "available": true,
    "discount": null
  },
  {
    "shop": "MAXIMA",
    "categories": [
      1,
      1001,
      1001001
    ],
    "productName": "Alus PAULANER WEISBIER 5,5% 0,5L D",
    "productPriceOld": null,
    "productPrice": {
      "value": 3.02,
      "unit": "€"
    },
    "productPricePerUnit": {
      "value": 6.04,
      "unit": "€/l"
    },
    "productPriceWithLoyaltyCard": null,
    "productPricePerUnitWithLoyaltyCard": null,
    "imageUrl": "https://cdn.barbora.lv/products/1e2e1367-140a-47c6-bdbb-aa1f4c3fb94d_s.png",
    "available": true,
    "discount": null
  },
  {
    "shop": "RIMI",
    "categories": [
      2,
      2001,
      20010015
    ],
    "productName": "Lavašs Oriental 190g",
    "productPriceOld": null,
    "productPrice": {
      "value": 1.15,
      "unit": "€/gab"
    },
    "productPricePerUnit": {
      "value": 6.05,
      "unit": "€/kg"
    },
    "productPriceWithLoyaltyCard": null,
    "productPricePerUnitWithLoyaltyCard": null,
    "imageUrl": "https://rimibaltic-res.cloudinary.com/image/upload/d_ecommerce:backend-fallback.png/MAT_273542_PCE_LV",
    "available": true,
    "discount": null
  },
  {
    "shop": "MAXIMA",
    "categories": [
      1,
      1001,
      1001001
    ],
    "productName": "Alus BLUE MOON kviešu 5,4% 0,33L D",
    "productPriceOld": null,
    "productPrice": {
      "value": 2.01,
      "unit": "€"
    },
    "productPricePerUnit": {
      "value": 6.09,
      "unit": "€/l"
    },
    "productPriceWithLoyaltyCard": null,
    "productPricePerUnitWithLoyaltyCard": null,
    "imageUrl": "https://cdn.barbora.lv/products/1a18cf89-e864-4cea-9e7a-b018053b0396_s.png",
    "available": true,
    "discount": null
  },
  {
    "shop": "MAXIMA",
    "categories": [
      2,
      2007
    ],
    "productName": "Mafini ZAFIRA ar vaniļas garšu sver.",
    "productPriceOld": null,
    "productPrice": {
      "value": 6.09,
      "unit": "€"
    },
    "productPricePerUnit": {
      "value": 6.09,
      "unit": "€/kg"
    },
    "productPriceWithLoyaltyCard": null,
    "productPricePerUnitWithLoyaltyCard": null,
    "imageUrl": "https://cdn.barbora.lv/products/8a01f000-71fc-4345-9918-120346e61c61_s.png",
    "available": true,
    "discount": null
  },
  {
    "shop": "RIMI",
    "categories": [
      2,
      2001,
      2001008
    ],
    "productName": "Graudu maize Kuldīgas Garšīgais ķieģelis 310g",
    "productPriceOld": null,
    "productPrice": {
      "value": 1.89,
      "unit": "€/gab"
    },
    "productPricePerUnit": {
      "value": 6.1,
      "unit": "€/kg"
    },
    "productPriceWithLoyaltyCard": null,
    "productPricePerUnitWithLoyaltyCard": null,
    "imageUrl": "https://rimibaltic-res.cloudinary.com/image/upload/d_ecommerce:backend-fallback.png/MAT_284607_PCE_LV",
    "available": true,
    "discount": null
  },
  {
    "shop": "RIMI",
    "categories": [
      1,
      1001,
      1001001
    ],
    "productName": "Alus Franziskaner Hell 5% 0,5l",
    "productPriceOld": null,
    "productPrice": {
      "value": 3.05,
      "unit": "€/gab"
    },
    "productPricePerUnit": {
      "value": 6.1,
      "unit": "€/l"
    },
    "productPriceWithLoyaltyCard": null,
    "productPricePerUnitWithLoyaltyCard": null,
    "imageUrl": "https://rimibaltic-res.cloudinary.com/image/upload/d_ecommerce:backend-fallback.png/MAT_1351135_PCE_LV",
    "available": true,
    "discount": null
  },
  {
    "shop": "RIMI",
    "categories": [
      1,
      1001,
      1001001
    ],
    "productName": "Alus Paulaner Original 4,9% 0,5l",
    "productPriceOld": null,
    "productPrice": {
      "value": 3.05,
      "unit": "€/gab"
    },
    "productPricePerUnit": {
      "value": 6.1,
      "unit": "€/l"
    },
    "productPriceWithLoyaltyCard": null,
    "productPricePerUnitWithLoyaltyCard": null,
    "imageUrl": "https://rimibaltic-res.cloudinary.com/image/upload/d_ecommerce:backend-fallback.png/MAT_1351365_PCE_LV",
    "available": true,
    "discount": null
  },
  {
    "shop": "RIMI",
    "categories": [
      1,
      1001,
      1001001
    ],
    "productName": "Alus Paulaner Hefe Weisbier 5,5% 0,5l",
    "productPriceOld": null,
    "productPrice": {
      "value": 3.05,
      "unit": "€/gab"
    },
    "productPricePerUnit": {
      "value": 6.1,
      "unit": "€/l"
    },
    "productPriceWithLoyaltyCard": null,
    "productPricePerUnitWithLoyaltyCard": null,
    "imageUrl": "https://rimibaltic-res.cloudinary.com/image/upload/d_ecommerce:backend-fallback.png/MAT_1351366_PCE_LV",
    "available": true,
    "discount": null
  },
  {
    "shop": "RIMI",
    "categories": [
      1,
      1001,
      1001001
    ],
    "productName": "Alus Labietis Ješka 5,2% 0,44l",
    "productPriceOld": null,
    "productPrice": {
      "value": 2.69,
      "unit": "€/gab"
    },
    "productPricePerUnit": {
      "value": 6.11,
      "unit": "€/l"
    },
    "productPriceWithLoyaltyCard": null,
    "productPricePerUnitWithLoyaltyCard": null,
    "imageUrl": "https://rimibaltic-res.cloudinary.com/image/upload/d_ecommerce:backend-fallback.png/MAT_7298255_PCE_LV",
    "available": true,
    "discount": null
  },
  {
    "shop": "CITRO",
    "categories": [
      2,
      20011
    ],
    "productName": "SMALKMAIZĪTE AR IEVĀRĪJUMA PILDĪJUMU CITRO 90G",
    "productPriceOld": null,
    "productPrice": null,
    "productPricePerUnit": {
      "value": 6.11,
      "unit": "€/KG"
    },
    "productPriceWithLoyaltyCard": null,
    "productPricePerUnitWithLoyaltyCard": null,
    "imageUrl": "https://rezekne.citro.lv/wp-content/uploads/2022/02/02072-300x300.jpg",
    "available": true,
    "discount": null
  },
  {
    "shop": "RIMI",
    "categories": [
      2,
      2001,
      20010014
    ],
    "productName": "Maize Lielezers meža rausis 260g",
    "productPriceOld": null,
    "productPrice": {
      "value": 1.59,
      "unit": "€/gab"
    },
    "productPricePerUnit": {
      "value": 6.12,
      "unit": "€/kg"
    },
    "productPriceWithLoyaltyCard": null,
    "productPricePerUnitWithLoyaltyCard": null,
    "imageUrl": "https://rimibaltic-res.cloudinary.com/image/upload/d_ecommerce:backend-fallback.png/MAT_4006262_PCE_LV",
    "available": true,
    "discount": null
  },
  {
    "shop": "MAXIMA",
    "categories": [
      1,
      1001,
      1001003
    ],
    "productName": "Dzirkst.vīns TORLEY MUSCAT. 10,5% 0,75L",
    "productPriceOld": {
      "value": 6.33,
      "unit": "€"
    },
    "productPrice": {
      "value": 6.33,
      "unit": "€"
    },
    "productPricePerUnit": {
      "value": 8.44,
      "unit": "€/l"
    },
    "productPriceWithLoyaltyCard": {
      "value": 4.59,
      "unit": "€"
    },
    "productPricePerUnitWithLoyaltyCard": {
      "value": 6.12,
      "unit": "€/l"
    },
    "imageUrl": "https://cdn.barbora.lv/products/d173cee7-b8a2-4227-a2c5-1a522f011a19_s.png",
    "available": true,
    "discount": 27
  },
  {
    "shop": "MAXIMA",
    "categories": [
      1,
      1001,
      1001003
    ],
    "productName": "Dzirkst.vīns TORLEY ROSE 11,5% 0,75L",
    "productPriceOld": {
      "value": 6.33,
      "unit": "€"
    },
    "productPrice": {
      "value": 6.33,
      "unit": "€"
    },
    "productPricePerUnit": {
      "value": 8.44,
      "unit": "€/l"
    },
    "productPriceWithLoyaltyCard": {
      "value": 4.59,
      "unit": "€"
    },
    "productPricePerUnitWithLoyaltyCard": {
      "value": 6.12,
      "unit": "€/l"
    },
    "imageUrl": "https://cdn.barbora.lv/products/e6358f7e-7edb-4faf-874e-6b3468b57f99_s.png",
    "available": true,
    "discount": 27
  },
  {
    "shop": "MAXIMA",
    "categories": [
      1,
      1001,
      1001003
    ],
    "productName": "Dzirkst.vīns TORLEY FORTUNA 10,5% 0,75L",
    "productPriceOld": {
      "value": 6.33,
      "unit": "€"
    },
    "productPrice": {
      "value": 6.33,
      "unit": "€"
    },
    "productPricePerUnit": {
      "value": 8.44,
      "unit": "€/l"
    },
    "productPriceWithLoyaltyCard": {
      "value": 4.59,
      "unit": "€"
    },
    "productPricePerUnitWithLoyaltyCard": {
      "value": 6.12,
      "unit": "€/l"
    },
    "imageUrl": "https://cdn.barbora.lv/products/928f6f3d-17e5-455a-b2cd-95e773e7fb24_s.png",
    "available": true,
    "discount": 27
  },
  {
    "shop": "MAXIMA",
    "categories": [
      1,
      1001,
      1001003
    ],
    "productName": "Dzirkst.vīns TORLEY CHARMANT 11% 0,75L",
    "productPriceOld": {
      "value": 6.33,
      "unit": "€"
    },
    "productPrice": {
      "value": 6.33,
      "unit": "€"
    },
    "productPricePerUnit": {
      "value": 8.44,
      "unit": "€/l"
    },
    "productPriceWithLoyaltyCard": {
      "value": 4.59,
      "unit": "€"
    },
    "productPricePerUnitWithLoyaltyCard": {
      "value": 6.12,
      "unit": "€/l"
    },
    "imageUrl": "https://cdn.barbora.lv/products/cebc4b4c-99cc-4077-89ef-a821033a6153_s.png",
    "available": true,
    "discount": 27
  },
  {
    "shop": "MAXIMA",
    "categories": [
      1,
      1001,
      1001003
    ],
    "productName": "Dzirkst.vīns TORLEY MAGIC CUVEE 11%0,75L",
    "productPriceOld": {
      "value": 6.33,
      "unit": "€"
    },
    "productPrice": {
      "value": 6.33,
      "unit": "€"
    },
    "productPricePerUnit": {
      "value": 8.44,
      "unit": "€/l"
    },
    "productPriceWithLoyaltyCard": {
      "value": 4.59,
      "unit": "€"
    },
    "productPricePerUnitWithLoyaltyCard": {
      "value": 6.12,
      "unit": "€/l"
    },
    "imageUrl": "https://cdn.barbora.lv/products/e83f8d92-6c66-4112-b6b5-27d8b37664b5_s.png",
    "available": true,
    "discount": 27
  },
  {
    "shop": "MAXIMA",
    "categories": [
      1,
      1001,
      1001003
    ],
    "productName": "Dzirkst.vīns TORLEY GALA 11% 0,75L",
    "productPriceOld": {
      "value": 6.33,
      "unit": "€"
    },
    "productPrice": {
      "value": 6.33,
      "unit": "€"
    },
    "productPricePerUnit": {
      "value": 8.44,
      "unit": "€/l"
    },
    "productPriceWithLoyaltyCard": {
      "value": 4.59,
      "unit": "€"
    },
    "productPricePerUnitWithLoyaltyCard": {
      "value": 6.12,
      "unit": "€/l"
    },
    "imageUrl": "https://cdn.barbora.lv/products/3e47a9f0-4d70-4506-b6e0-ada8b66bcbf0_s.png",
    "available": true,
    "discount": 27
  },
  {
    "shop": "MAXIMA",
    "categories": [
      1,
      1001,
      10010018
    ],
    "productName": "Verm.MARTINI Fiero 14,9%1L+Tonic 1,35L D",
    "productPriceOld": null,
    "productPrice": {
      "value": 14.39,
      "unit": "€"
    },
    "productPricePerUnit": {
      "value": 6.12,
      "unit": "€/l"
    },
    "productPriceWithLoyaltyCard": null,
    "productPricePerUnitWithLoyaltyCard": null,
    "imageUrl": "https://cdn.barbora.lv/products/2f80d239-0b8b-44f4-a302-aa98ef4e1e57_s.png",
    "available": true,
    "discount": null
  },
  {
    "shop": "MAXIMA",
    "categories": [
      2,
      2001,
      20010015
    ],
    "productName": "Rīvmaize Lāči Īsta kviešu 400g",
    "productPriceOld": null,
    "productPrice": {
      "value": 2.45,
      "unit": "€"
    },
    "productPricePerUnit": {
      "value": 6.13,
      "unit": "€/kg"
    },
    "productPriceWithLoyaltyCard": null,
    "productPricePerUnitWithLoyaltyCard": null,
    "imageUrl": "https://cdn.barbora.lv/products/ef254984-c56d-4710-8328-3f754f61f05c_s.png",
    "available": true,
    "discount": null
  },
  {
    "shop": "CITRO",
    "categories": [
      2,
      20011
    ],
    "productName": "SMALKMAIZĪTE KOKOSRIEKSTU  CITRO 80G",
    "productPriceOld": {
      "value": 0.65,
      "unit": "€"
    },
    "productPrice": {
      "value": 0.49,
      "unit": "€"
    },
    "productPricePerUnit": {
      "value": 6.13,
      "unit": "€/KG"
    },
    "productPriceWithLoyaltyCard": null,
    "productPricePerUnitWithLoyaltyCard": null,
    "imageUrl": "https://rezekne.citro.lv/wp-content/uploads/2023/01/kokosmaizite_1047783-300x300.jpg",
    "available": true,
    "discount": 25
  },
  {
    "shop": "CITRO",
    "categories": [
      1,
      1001,
      1001005
    ],
    "productName": "ALK.KOKT. LB BRŪKLENE 14.5% 0.275L",
    "productPriceOld": {
      "value": 1.89,
      "unit": "€"
    },
    "productPrice": {
      "value": 1.69,
      "unit": "€"
    },
    "productPricePerUnit": {
      "value": 6.15,
      "unit": "€/L"
    },
    "productPriceWithLoyaltyCard": null,
    "productPricePerUnitWithLoyaltyCard": null,
    "imageUrl": "https://rezekne.citro.lv/wp-content/uploads/2023/04/4750021011887-300x300.jpg",
    "available": true,
    "discount": 11
  },
  {
    "shop": "CITRO",
    "categories": [
      1,
      1001,
      1001005
    ],
    "productName": "ALK.KOKT. LB MARGARITA 14.5% 0.275L",
    "productPriceOld": {
      "value": 1.89,
      "unit": "€"
    },
    "productPrice": {
      "value": 1.69,
      "unit": "€"
    },
    "productPricePerUnit": {
      "value": 6.15,
      "unit": "€/L"
    },
    "productPriceWithLoyaltyCard": null,
    "productPricePerUnitWithLoyaltyCard": null,
    "imageUrl": "https://rezekne.citro.lv/wp-content/uploads/2023/07/4750021011931-300x300.jpg",
    "available": true,
    "discount": 11
  },
  {
    "shop": "RIMI",
    "categories": [
      1,
      1002,
      10010022
    ],
    "productName": "Enerģijas dzēriens Red Bull 0,355l",
    "productPriceOld": null,
    "productPrice": {
      "value": 2.19,
      "unit": "€/gab"
    },
    "productPricePerUnit": {
      "value": 6.17,
      "unit": "€/l"
    },
    "productPriceWithLoyaltyCard": null,
    "productPricePerUnitWithLoyaltyCard": null,
    "imageUrl": "https://rimibaltic-res.cloudinary.com/image/upload/d_ecommerce:backend-fallback.png/MAT_139192_PCE_LV",
    "available": true,
    "discount": null
  },
  {
    "shop": "RIMI",
    "categories": [
      1,
      1002,
      10010022
    ],
    "productName": "Enerģijas dzēriens Red Bull Sugar Free 355ml",
    "productPriceOld": null,
    "productPrice": {
      "value": 2.19,
      "unit": "€/gab"
    },
    "productPricePerUnit": {
      "value": 6.17,
      "unit": "€/l"
    },
    "productPriceWithLoyaltyCard": null,
    "productPricePerUnitWithLoyaltyCard": null,
    "imageUrl": "https://rimibaltic-res.cloudinary.com/image/upload/d_ecommerce:backend-fallback.png/MAT_1367206_PCE_LV",
    "available": true,
    "discount": null
  },
  {
    "shop": "MAXIMA",
    "categories": [
      2,
      2001,
      2001005
    ],
    "productName": "Saldskābmaize Lielezers Limbažu ar sēklām 300g",
    "productPriceOld": null,
    "productPrice": {
      "value": 1.85,
      "unit": "€"
    },
    "productPricePerUnit": {
      "value": 6.17,
      "unit": "€/kg"
    },
    "productPriceWithLoyaltyCard": null,
    "productPricePerUnitWithLoyaltyCard": null,
    "imageUrl": "https://cdn.barbora.lv/products/6c8bf6f8-45c4-498a-9beb-c7b5960589e8_s.png",
    "available": true,
    "discount": null
  },
  {
    "shop": "MAXIMA",
    "categories": [
      1,
      1001,
      1001003
    ],
    "productName": "Stiprinātais vīns AGDAM sarkanais 22% 0,5L D",
    "productPriceOld": null,
    "productPrice": {
      "value": 3.09,
      "unit": "€"
    },
    "productPricePerUnit": {
      "value": 6.18,
      "unit": "€/l"
    },
    "productPriceWithLoyaltyCard": null,
    "productPricePerUnitWithLoyaltyCard": null,
    "imageUrl": "https://cdn.barbora.lv/products/b3fe097b-85a0-46b3-b1cf-f3d757fa8709_s.png",
    "available": true,
    "discount": null
  },
  {
    "shop": "MAXIMA",
    "categories": [
      1,
      1001,
      1001003
    ],
    "productName": "Stiprinātais vīns AGDAM baltais 22% 0,5L D",
    "productPriceOld": null,
    "productPrice": {
      "value": 3.09,
      "unit": "€"
    },
    "productPricePerUnit": {
      "value": 6.18,
      "unit": "€/l"
    },
    "productPriceWithLoyaltyCard": null,
    "productPricePerUnitWithLoyaltyCard": null,
    "imageUrl": "https://cdn.barbora.lv/products/3a63d143-6ad8-48d7-bade-c887a07b0d25_s.png",
    "available": true,
    "discount": null
  },
  {
    "shop": "MAXIMA",
    "categories": [
      2,
      2001,
      20010015
    ],
    "productName": "Sausiņi Ekstra ar rozīnēm un sukādēm sver.",
    "productPriceOld": null,
    "productPrice": {
      "value": 6.19,
      "unit": "€"
    },
    "productPricePerUnit": {
      "value": 6.19,
      "unit": "€/kg"
    },
    "productPriceWithLoyaltyCard": null,
    "productPricePerUnitWithLoyaltyCard": null,
    "imageUrl": "https://cdn.barbora.lv/products/2f530df9-259c-4619-996b-286de5109fda_s.png",
    "available": true,
    "discount": null
  },
  {
    "shop": "MAXIMA",
    "categories": [
      2,
      2001,
      20010015
    ],
    "productName": "Mazās sausbaranciņas ar vanilīnu 250g",
    "productPriceOld": null,
    "productPrice": {
      "value": 1.55,
      "unit": "€"
    },
    "productPricePerUnit": {
      "value": 6.2,
      "unit": "€/kg"
    },
    "productPriceWithLoyaltyCard": null,
    "productPricePerUnitWithLoyaltyCard": null,
    "imageUrl": "https://cdn.barbora.lv/products/df0af83a-93e9-410b-a12e-482d801ae1f8_s.png",
    "available": true,
    "discount": null
  },
  {
    "shop": "MAXIMA",
    "categories": [
      1,
      1001,
      1001005
    ],
    "productName": "Alk.k.HARTWALL Orig.Strong 7,5% 0,33L D",
    "productPriceOld": null,
    "productPrice": {
      "value": 2.05,
      "unit": "€"
    },
    "productPricePerUnit": {
      "value": 6.21,
      "unit": "€/l"
    },
    "productPriceWithLoyaltyCard": null,
    "productPricePerUnitWithLoyaltyCard": null,
    "imageUrl": "https://cdn.barbora.lv/products/6f76407d-fa1d-4b2b-a247-c3175271ff1a_s.png",
    "available": true,
    "discount": null
  },
  {
    "shop": "CITRO",
    "productName": "MAIZIŅŠ GRAUZDĒTO SĪPOLU 240G LATVIJASM",
    "productPriceOld": null,
    "productPrice": null,
    "productPricePerUnit": {
      "value": 6.21,
      "unit": "€/KG"
    },
    "productPriceWithLoyaltyCard": null,
    "productPricePerUnitWithLoyaltyCard": null,
    "imageUrl": "https://rezekne.citro.lv/wp-content/uploads/2023/07/4750192771559-300x300.png",
    "available": true,
    "discount": null,
    "categories": [
      2,
      2001,
      20010014
    ]
  },
  {
    "shop": "CITRO",
    "categories": [
      2,
      2008
    ],
    "productName": "PONČIKS AR GAĻU CITRO 95G",
    "productPriceOld": {
      "value": 0.69,
      "unit": "€"
    },
    "productPrice": {
      "value": 0.59,
      "unit": "€"
    },
    "productPricePerUnit": {
      "value": 6.21,
      "unit": "€/KG"
    },
    "productPriceWithLoyaltyCard": null,
    "productPricePerUnitWithLoyaltyCard": null,
    "imageUrl": "https://rezekne.citro.lv/wp-content/uploads/2022/02/01911-300x300.jpg",
    "available": true,
    "discount": 14
  },
  {
    "shop": "MAXIMA",
    "categories": [
      1,
      1001,
      1001004
    ],
    "productName": "Dz.vīns RĪGAS Šamp.Oriģināl.11,5% 0,75L",
    "productPriceOld": null,
    "productPrice": {
      "value": 4.69,
      "unit": "€"
    },
    "productPricePerUnit": {
      "value": 6.25,
      "unit": "€/l"
    },
    "productPriceWithLoyaltyCard": null,
    "productPricePerUnitWithLoyaltyCard": null,
    "imageUrl": "https://cdn.barbora.lv/products/9ce602d8-bf3b-4cbd-8246-fe29f6f670f4_s.png",
    "available": true,
    "discount": null
  },
  {
    "shop": "CITRO",
    "categories": [
      1,
      1001,
      1001004
    ],
    "productName": "DZ.VĪNS SVETSKOJE POLUSLADKOJE 8% 0.75L",
    "productPriceOld": null,
    "productPrice": null,
    "productPricePerUnit": {
      "value": 6.25,
      "unit": "€/L"
    },
    "productPriceWithLoyaltyCard": null,
    "productPricePerUnitWithLoyaltyCard": null,
    "imageUrl": "https://rezekne.citro.lv/wp-content/uploads/2023/06/4750012022854-300x300.jpg",
    "available": true,
    "discount": null
  },
  {
    "shop": "MAXIMA",
    "categories": [
      1,
      1001,
      1001004
    ],
    "productName": "Dz.vīns RĪGAS Šamp.Pussausais 11,5%0,75L",
    "productPriceOld": {
      "value": 6.59,
      "unit": "€"
    },
    "productPrice": {
      "value": 6.59,
      "unit": "€"
    },
    "productPricePerUnit": {
      "value": 8.79,
      "unit": "€/l"
    },
    "productPriceWithLoyaltyCard": {
      "value": 4.69,
      "unit": "€"
    },
    "productPricePerUnitWithLoyaltyCard": {
      "value": 6.26,
      "unit": "€/l"
    },
    "imageUrl": "https://cdn.barbora.lv/products/ad60ee38-f975-465a-85e6-89a06ee73b70_s.png",
    "available": true,
    "discount": 29
  },
  {
    "shop": "MAXIMA",
    "categories": [
      1,
      1001,
      1001004
    ],
    "productName": "Dz.vīns RĪGAS Šampanietis Br.11,5% 0,75L",
    "productPriceOld": {
      "value": 6.59,
      "unit": "€"
    },
    "productPrice": {
      "value": 6.59,
      "unit": "€"
    },
    "productPricePerUnit": {
      "value": 8.79,
      "unit": "€/l"
    },
    "productPriceWithLoyaltyCard": {
      "value": 4.69,
      "unit": "€"
    },
    "productPricePerUnitWithLoyaltyCard": {
      "value": 6.26,
      "unit": "€/l"
    },
    "imageUrl": "https://cdn.barbora.lv/products/8892cbe8-1c56-4a6c-bf4f-042b86fc69f7_s.png",
    "available": true,
    "discount": 29
  },
  {
    "shop": "MAXIMA",
    "categories": [
      1,
      1001,
      1001004
    ],
    "productName": "Dz.vīns RĪGAS Šampan.Saldais 11,5% 0,75L",
    "productPriceOld": {
      "value": 6.59,
      "unit": "€"
    },
    "productPrice": {
      "value": 6.59,
      "unit": "€"
    },
    "productPricePerUnit": {
      "value": 8.79,
      "unit": "€/l"
    },
    "productPriceWithLoyaltyCard": {
      "value": 4.69,
      "unit": "€"
    },
    "productPricePerUnitWithLoyaltyCard": {
      "value": 6.26,
      "unit": "€/l"
    },
    "imageUrl": "https://cdn.barbora.lv/products/1647a8fc-0f6e-4b14-b270-6a9d9c9653bb_s.png",
    "available": true,
    "discount": 29
  },
  {
    "shop": "MAXIMA",
    "categories": [
      2,
      2001,
      20010014
    ],
    "productName": "Maize Fokača ar olīvām 190g",
    "productPriceOld": {
      "value": 1.39,
      "unit": "€"
    },
    "productPrice": {
      "value": 1.19,
      "unit": "€"
    },
    "productPricePerUnit": {
      "value": 6.27,
      "unit": "€/kg"
    },
    "productPriceWithLoyaltyCard": null,
    "productPricePerUnitWithLoyaltyCard": null,
    "imageUrl": "https://cdn.barbora.lv/products/aa3a3ae4-e4bf-4d32-891c-909623244aad_s.png",
    "available": true,
    "discount": 14
  },
  {
    "shop": "RIMI",
    "categories": [
      1,
      1002,
      10010022
    ],
    "productName": "Enerģijas dzēriens Red Bull 0,473l",
    "productPriceOld": null,
    "productPrice": {
      "value": 2.99,
      "unit": "€/gab"
    },
    "productPricePerUnit": {
      "value": 6.32,
      "unit": "€/l"
    },
    "productPriceWithLoyaltyCard": null,
    "productPricePerUnitWithLoyaltyCard": null,
    "imageUrl": "https://rimibaltic-res.cloudinary.com/image/upload/d_ecommerce:backend-fallback.png/MAT_1356006_PCE_LV",
    "available": true,
    "discount": null
  },
  {
    "shop": "MAXIMA",
    "categories": [
      1,
      1002,
      10010022
    ],
    "productName": "Enerģijas dzēriens RED BULL 473ml D",
    "productPriceOld": null,
    "productPrice": {
      "value": 2.99,
      "unit": "€"
    },
    "productPricePerUnit": {
      "value": 6.32,
      "unit": "€/l"
    },
    "productPriceWithLoyaltyCard": null,
    "productPricePerUnitWithLoyaltyCard": null,
    "imageUrl": "https://cdn.barbora.lv/products/fcef7d05-5949-4cd9-a830-1e130334117d_s.png",
    "available": true,
    "discount": null
  },
  {
    "shop": "MAXIMA",
    "categories": [
      1,
      1001,
      1001002
    ],
    "productName": "Sidrs MAGNERS Original 4,5% 0,33L D",
    "productPriceOld": null,
    "productPrice": {
      "value": 2.09,
      "unit": "€"
    },
    "productPricePerUnit": {
      "value": 6.33,
      "unit": "€/l"
    },
    "productPriceWithLoyaltyCard": null,
    "productPricePerUnitWithLoyaltyCard": null,
    "imageUrl": "https://cdn.barbora.lv/products/f8175303-6044-4c25-861b-a4f04771c4ed_s.png",
    "available": true,
    "discount": null
  },
  {
    "shop": "CITRO",
    "categories": [
      1,
      1001,
      1001003
    ],
    "productName": "VĪNS B. FRONTERA CHARD. BIB DO VALLE CENTRAL CHILE 13% 3L",
    "productPriceOld": null,
    "productPrice": null,
    "productPricePerUnit": {
      "value": 6.33,
      "unit": "€/L"
    },
    "productPriceWithLoyaltyCard": null,
    "productPricePerUnitWithLoyaltyCard": null,
    "imageUrl": "https://rezekne.citro.lv/wp-content/uploads/2021/12/7804320061252-300x300.jpg",
    "available": true,
    "discount": null
  },
  {
    "shop": "RIMI",
    "categories": [
      1,
      1001,
      1001001
    ],
    "productName": "Alus Labietis Trīs indiāņi 5% 0,44l",
    "productPriceOld": null,
    "productPrice": {
      "value": 2.79,
      "unit": "€/gab"
    },
    "productPricePerUnit": {
      "value": 6.34,
      "unit": "€/l"
    },
    "productPriceWithLoyaltyCard": null,
    "productPricePerUnitWithLoyaltyCard": null,
    "imageUrl": "https://rimibaltic-res.cloudinary.com/image/upload/d_ecommerce:backend-fallback.png/MAT_1373538_PCE_LV",
    "available": true,
    "discount": null
  },
  {
    "shop": "RIMI",
    "categories": [
      1,
      1001,
      1001001
    ],
    "productName": "Alus Labietis Soho švītiņš 4,4% 0,44l",
    "productPriceOld": null,
    "productPrice": {
      "value": 2.79,
      "unit": "€/gab"
    },
    "productPricePerUnit": {
      "value": 6.34,
      "unit": "€/l"
    },
    "productPriceWithLoyaltyCard": null,
    "productPricePerUnitWithLoyaltyCard": null,
    "imageUrl": "https://rimibaltic-res.cloudinary.com/image/upload/d_ecommerce:backend-fallback.png/MAT_1373525_PCE_LV",
    "available": true,
    "discount": null
  },
  {
    "shop": "RIMI",
    "categories": [
      2,
      2001,
      20010011
    ],
    "productName": "Tumšā bagete Izcep Pats ar sēklām 250g",
    "productPriceOld": null,
    "productPrice": {
      "value": 1.59,
      "unit": "€/gab"
    },
    "productPricePerUnit": {
      "value": 6.36,
      "unit": "€/kg"
    },
    "productPriceWithLoyaltyCard": null,
    "productPricePerUnitWithLoyaltyCard": null,
    "imageUrl": "https://rimibaltic-res.cloudinary.com/image/upload/d_ecommerce:backend-fallback.png/MAT_4006186_PCE_LV",
    "available": true,
    "discount": null
  },
  {
    "shop": "CITRO",
    "categories": [
      1,
      1001,
      1001005
    ],
    "productName": "ALK.KOKT.LB ĶIRSIS VODKA 13% 0.25L",
    "productPriceOld": null,
    "productPrice": null,
    "productPricePerUnit": {
      "value": 6.36,
      "unit": "€/L"
    },
    "productPriceWithLoyaltyCard": null,
    "productPricePerUnitWithLoyaltyCard": null,
    "imageUrl": "https://rezekne.citro.lv/wp-content/uploads/2021/02/4750012000531-300x300.jpg",
    "available": true,
    "discount": null
  },
  {
    "shop": "CITRO",
    "categories": [
      1,
      1002,
      10010022
    ],
    "productName": "ENERĢIJAS DZĒRIENS RED BULL APRICOT STRAWBERRY EDITION 0.25L CAN",
    "productPriceOld": null,
    "productPrice": null,
    "productPricePerUnit": {
      "value": 6.36,
      "unit": "€/L"
    },
    "productPriceWithLoyaltyCard": null,
    "productPricePerUnitWithLoyaltyCard": null,
    "imageUrl": "https://rezekne.citro.lv/wp-content/uploads/2024/03/90448836-300x300.jpg",
    "available": true,
    "discount": null
  },
  {
    "shop": "RIMI",
    "categories": [
      2,
      2001,
      2001003,
      2001001
    ],
    "productName": "Pilngraudu tostermaize Pļavas sēklu 350g",
    "productPriceOld": null,
    "productPrice": {
      "value": 2.23,
      "unit": "€/gab"
    },
    "productPricePerUnit": {
      "value": 6.37,
      "unit": "€/kg"
    },
    "productPriceWithLoyaltyCard": null,
    "productPricePerUnitWithLoyaltyCard": null,
    "imageUrl": "https://rimibaltic-res.cloudinary.com/image/upload/d_ecommerce:backend-fallback.png/MAT_4006127_PCE_LV",
    "available": true,
    "discount": null
  },
  {
    "shop": "RIMI",
    "categories": [
      1,
      1002,
      10010024
    ],
    "productName": "Negāzēts ūdens Pfanner kokosriekstu 0,5l",
    "productPriceOld": null,
    "productPrice": {
      "value": 3.19,
      "unit": "€/gab"
    },
    "productPricePerUnit": {
      "value": 6.38,
      "unit": "€/l"
    },
    "productPriceWithLoyaltyCard": null,
    "productPricePerUnitWithLoyaltyCard": null,
    "imageUrl": "https://rimibaltic-res.cloudinary.com/image/upload/d_ecommerce:backend-fallback.png/MAT_1366493_PCE_LV",
    "available": true,
    "discount": null
  },
  {
    "shop": "RIMI",
    "categories": [
      1,
      1003,
      1003005
    ],
    "productName": "Bezalk. dzēr. Mežezers Spritz apelsīnu 0,75l",
    "productPriceOld": null,
    "productPrice": {
      "value": 4.79,
      "unit": "€/gab"
    },
    "productPricePerUnit": {
      "value": 6.39,
      "unit": "€/l"
    },
    "productPriceWithLoyaltyCard": null,
    "productPricePerUnitWithLoyaltyCard": null,
    "imageUrl": "https://rimibaltic-res.cloudinary.com/image/upload/d_ecommerce:backend-fallback.png/MAT_1007504_PCE_LV",
    "available": true,
    "discount": null
  },
  {
    "shop": "RIMI",
    "categories": [
      1,
      1002,
      10010021
    ],
    "productName": "Dzirkst. dzēr. Mežezers Citronu Spritz 0,75l",
    "productPriceOld": null,
    "productPrice": {
      "value": 4.79,
      "unit": "€/gab"
    },
    "productPricePerUnit": {
      "value": 6.39,
      "unit": "€/l"
    },
    "productPriceWithLoyaltyCard": null,
    "productPricePerUnitWithLoyaltyCard": null,
    "imageUrl": "https://rimibaltic-res.cloudinary.com/image/upload/d_ecommerce:backend-fallback.png/MAT_1372480_PCE_LV",
    "available": true,
    "discount": null
  },
  {
    "shop": "MAXIMA",
    "categories": [
      2,
      2007
    ],
    "productName": "Mafini ZAFIRA ar rozīnēm sver.",
    "productPriceOld": null,
    "productPrice": {
      "value": 6.39,
      "unit": "€"
    },
    "productPricePerUnit": {
      "value": 6.39,
      "unit": "€/kg"
    },
    "productPriceWithLoyaltyCard": null,
    "productPricePerUnitWithLoyaltyCard": null,
    "imageUrl": "https://cdn.barbora.lv/products/04efabb0-115a-46c6-8db3-6dd94bc5d194_s.png",
    "available": true,
    "discount": null
  },
  {
    "shop": "CITRO",
    "categories": [
      2,
      2001,
      20010015
    ],
    "productName": "LAVAŠS TURKU 180G",
    "productPriceOld": null,
    "productPrice": null,
    "productPricePerUnit": {
      "value": 6.39,
      "unit": "€/KG"
    },
    "productPriceWithLoyaltyCard": null,
    "productPricePerUnitWithLoyaltyCard": null,
    "imageUrl": "https://rezekne.citro.lv/wp-content/uploads/2021/04/4751007277655-300x300.jpg",
    "available": true,
    "discount": null
  },
  {
    "shop": "MAXIMA",
    "categories": [
      1,
      1001,
      1001001
    ],
    "productName": "Alus VALMIERMUIŽA Namejs tumšais 5,6% 0,5L D",
    "productPriceOld": null,
    "productPrice": {
      "value": 3.22,
      "unit": "€"
    },
    "productPricePerUnit": {
      "value": 6.44,
      "unit": "€/l"
    },
    "productPriceWithLoyaltyCard": null,
    "productPricePerUnitWithLoyaltyCard": null,
    "imageUrl": "https://cdn.barbora.lv/products/523dbd0c-0a16-48d9-81cd-6feb93115ed3_s.png",
    "available": true,
    "discount": null
  },
  {
    "shop": "RIMI",
    "categories": [
      2,
      2001,
      20010015
    ],
    "productName": "Lavašs Gruzīnu ovāls 200g",
    "productPriceOld": {
      "value": 2.09,
      "unit": "€"
    },
    "productPrice": {
      "value": 1.29,
      "unit": "€/gab"
    },
    "productPricePerUnit": {
      "value": 6.45,
      "unit": "€/kg"
    },
    "productPriceWithLoyaltyCard": null,
    "productPricePerUnitWithLoyaltyCard": null,
    "imageUrl": "https://rimibaltic-res.cloudinary.com/image/upload/d_ecommerce:backend-fallback.png/MAT_291056_PCE_LV",
    "available": true,
    "discount": 38
  },
  {
    "shop": "RIMI",
    "categories": [
      2,
      2001,
      2001008,
      2001001
    ],
    "productName": "Maiziņš pilngraudu 240g",
    "productPriceOld": null,
    "productPrice": {
      "value": 1.55,
      "unit": "€/gab"
    },
    "productPricePerUnit": {
      "value": 6.46,
      "unit": "€/kg"
    },
    "productPriceWithLoyaltyCard": null,
    "productPricePerUnitWithLoyaltyCard": null,
    "imageUrl": "https://rimibaltic-res.cloudinary.com/image/upload/d_ecommerce:backend-fallback.png/MAT_937593_PCE_LV",
    "available": true,
    "discount": null
  },
  {
    "shop": "MAXIMA",
    "categories": [
      2,
      2001,
      2001008,
      2001001
    ],
    "productName": "Maize MAIZIŅŠ pilngraudu 240g",
    "productPriceOld": null,
    "productPrice": {
      "value": 1.55,
      "unit": "€"
    },
    "productPricePerUnit": {
      "value": 6.46,
      "unit": "€/kg"
    },
    "productPriceWithLoyaltyCard": null,
    "productPricePerUnitWithLoyaltyCard": null,
    "imageUrl": "https://cdn.barbora.lv/products/5ffe7509-2d13-4bf2-ab01-ef504552c758_s.png",
    "available": true,
    "discount": null
  },
  {
    "shop": "MAXIMA",
    "categories": [
      2,
      2001,
      2001007,
      2001001
    ],
    "productName": "Maize Maiziņš kliju pilngraudu 240g",
    "productPriceOld": null,
    "productPrice": {
      "value": 1.55,
      "unit": "€"
    },
    "productPricePerUnit": {
      "value": 6.46,
      "unit": "€/kg"
    },
    "productPriceWithLoyaltyCard": null,
    "productPricePerUnitWithLoyaltyCard": null,
    "imageUrl": "https://cdn.barbora.lv/products/2a446266-a4c1-440e-9dc6-4754118acc74_s.png",
    "available": true,
    "discount": null
  },
  {
    "shop": "MAXIMA",
    "categories": [
      2,
      20011
    ],
    "productName": "Smalkmaizīte Kanēļa rullītis 94g",
    "productPriceOld": null,
    "productPrice": {
      "value": 0.55,
      "unit": "€"
    },
    "productPricePerUnit": {
      "value": 6.47,
      "unit": "€/kg"
    },
    "productPriceWithLoyaltyCard": null,
    "productPricePerUnitWithLoyaltyCard": null,
    "imageUrl": "https://cdn.barbora.lv/products/fbc82f93-e749-4d76-9a89-ef39eca28b06_s.png",
    "available": true,
    "discount": null
  },
  {
    "shop": "RIMI",
    "categories": [
      2,
      2001,
      2001004,
      2001001
    ],
    "productName": "Rudzu rikas Īstenā pilngraudu 230g",
    "productPriceOld": null,
    "productPrice": {
      "value": 1.49,
      "unit": "€/gab"
    },
    "productPricePerUnit": {
      "value": 6.48,
      "unit": "€/kg"
    },
    "productPriceWithLoyaltyCard": null,
    "productPricePerUnitWithLoyaltyCard": null,
    "imageUrl": "https://rimibaltic-res.cloudinary.com/image/upload/d_ecommerce:backend-fallback.png/MAT_4005496_PCE_LV",
    "available": true,
    "discount": null
  },
  {
    "shop": "MAXIMA",
    "categories": [
      1,
      1002,
      10010021
    ],
    "productName": "Gāzēts dzēriens CAPTAIN KOMBUCHA BIO oriģinal 0,4L D",
    "productPriceOld": null,
    "productPrice": {
      "value": 2.59,
      "unit": "€"
    },
    "productPricePerUnit": {
      "value": 6.48,
      "unit": "€/l"
    },
    "productPriceWithLoyaltyCard": null,
    "productPricePerUnitWithLoyaltyCard": null,
    "imageUrl": "https://cdn.barbora.lv/products/49746e9a-758c-488d-b734-069afc70297f_s.png",
    "available": true,
    "discount": null
  },
  {
    "shop": "MAXIMA",
    "categories": [
      1,
      1002,
      10010021
    ],
    "productName": "Gāz.dz.CAPT.KOMBUCHA BIO an.pers.0,4L D",
    "productPriceOld": null,
    "productPrice": {
      "value": 2.59,
      "unit": "€"
    },
    "productPricePerUnit": {
      "value": 6.48,
      "unit": "€/l"
    },
    "productPriceWithLoyaltyCard": null,
    "productPricePerUnitWithLoyaltyCard": null,
    "imageUrl": "https://cdn.barbora.lv/products/dc39da18-7a65-4dbe-92db-9241b930419d_s.png",
    "available": true,
    "discount": null
  },
  {
    "shop": "MAXIMA",
    "categories": [
      1,
      1001,
      1001003
    ],
    "productName": "Vīna dzēr.TOTINO Cosmopolitan 12,5% 1L D",
    "productPriceOld": {
      "value": 9.81,
      "unit": "€"
    },
    "productPrice": {
      "value": 9.81,
      "unit": "€"
    },
    "productPricePerUnit": {
      "value": 9.81,
      "unit": "€/l"
    },
    "productPriceWithLoyaltyCard": {
      "value": 6.49,
      "unit": "€"
    },
    "productPricePerUnitWithLoyaltyCard": {
      "value": 6.49,
      "unit": "€/l"
    },
    "imageUrl": "https://cdn.barbora.lv/products/b2f2facf-fbc1-4c1c-898a-65e34e3197cb_s.png",
    "available": true,
    "discount": 34
  },
  {
    "shop": "MAXIMA",
    "categories": [
      1,
      1001,
      1001003
    ],
    "productName": "Vīna dzēriens TOTINO Mojito 12,5% 1L D",
    "productPriceOld": {
      "value": 9.81,
      "unit": "€"
    },
    "productPrice": {
      "value": 9.81,
      "unit": "€"
    },
    "productPricePerUnit": {
      "value": 9.81,
      "unit": "€/l"
    },
    "productPriceWithLoyaltyCard": {
      "value": 6.49,
      "unit": "€"
    },
    "productPricePerUnitWithLoyaltyCard": {
      "value": 6.49,
      "unit": "€/l"
    },
    "imageUrl": "https://cdn.barbora.lv/products/dd498354-6362-42fd-878b-8eabefcce3f7_s.png",
    "available": true,
    "discount": 34
  },
  {
    "shop": "MAXIMA",
    "categories": [
      1,
      1001,
      1001003
    ],
    "productName": "Vīna dzēr.TOTINO Pina Colada 12,5% 1L D",
    "productPriceOld": {
      "value": 9.81,
      "unit": "€"
    },
    "productPrice": {
      "value": 9.81,
      "unit": "€"
    },
    "productPricePerUnit": {
      "value": 9.81,
      "unit": "€/l"
    },
    "productPriceWithLoyaltyCard": {
      "value": 6.49,
      "unit": "€"
    },
    "productPricePerUnitWithLoyaltyCard": {
      "value": 6.49,
      "unit": "€/l"
    },
    "imageUrl": "https://cdn.barbora.lv/products/85e25a3b-d07b-46ef-875f-ea17b9404c61_s.png",
    "available": true,
    "discount": 34
  },
  {
    "shop": "CITRO",
    "categories": [
      1,
      1001,
      1001006
    ],
    "productName": "VERMUTS GRANTINI BIANCO 14.5% 1L",
    "productPriceOld": null,
    "productPrice": null,
    "productPricePerUnit": {
      "value": 6.49,
      "unit": "€/L"
    },
    "productPriceWithLoyaltyCard": null,
    "productPricePerUnitWithLoyaltyCard": null,
    "imageUrl": "https://rezekne.citro.lv/wp-content/uploads/2022/07/8711741002360-300x300.jpg",
    "available": true,
    "discount": null
  },
  {
    "shop": "RIMI",
    "categories": [
      2,
      2001,
      20010011
    ],
    "productName": "Daudzsēklu maize šķēlēs 300g",
    "productPriceOld": null,
    "productPrice": {
      "value": 1.95,
      "unit": "€/gab"
    },
    "productPricePerUnit": {
      "value": 6.5,
      "unit": "€/kg"
    },
    "productPriceWithLoyaltyCard": null,
    "productPricePerUnitWithLoyaltyCard": null,
    "imageUrl": "https://rimibaltic-res.cloudinary.com/image/upload/d_ecommerce:backend-fallback.png/MAT_977159_PCE_LV",
    "available": true,
    "discount": null
  },
  {
    "shop": "RIMI",
    "categories": [
      1,
      1001,
      1001005
    ],
    "productName": "Alk. kokteilis Cēsu Gin&Grapefruit 14% 0,5l",
    "productPriceOld": null,
    "productPrice": {
      "value": 3.25,
      "unit": "€/gab"
    },
    "productPricePerUnit": {
      "value": 6.5,
      "unit": "€/l"
    },
    "productPriceWithLoyaltyCard": null,
    "productPricePerUnitWithLoyaltyCard": null,
    "imageUrl": "https://rimibaltic-res.cloudinary.com/image/upload/d_ecommerce:backend-fallback.png/MAT_1371830_PCE_LV",
    "available": true,
    "discount": null
  },
  {
    "shop": "RIMI",
    "categories": [
      1,
      1001,
      1001005
    ],
    "productName": "Alko. kokteilis G&Grapefruit&Lime 14% 0,5l",
    "productPriceOld": null,
    "productPrice": {
      "value": 3.25,
      "unit": "€/gab"
    },
    "productPricePerUnit": {
      "value": 6.5,
      "unit": "€/l"
    },
    "productPriceWithLoyaltyCard": null,
    "productPricePerUnitWithLoyaltyCard": null,
    "imageUrl": "https://rimibaltic-res.cloudinary.com/image/upload/d_ecommerce:backend-fallback.png/MAT_1373134_PCE_LV",
    "available": true,
    "discount": null
  },
  {
    "shop": "MAXIMA",
    "categories": [
      2,
      2001,
      20010014
    ],
    "productName": "Maizīte Griķu 60g",
    "productPriceOld": null,
    "productPrice": {
      "value": 0.39,
      "unit": "€"
    },
    "productPricePerUnit": {
      "value": 6.5,
      "unit": "€/kg"
    },
    "productPriceWithLoyaltyCard": null,
    "productPricePerUnitWithLoyaltyCard": null,
    "imageUrl": "https://cdn.barbora.lv/products/df9b24dc-be05-40c2-998c-a710718a2fc7_s.png",
    "available": true,
    "discount": null
  },
  {
    "shop": "MAXIMA",
    "categories": [
      2,
      2001,
      2001005
    ],
    "productName": "Saldsk. maize SĒJAS šķ. ar graud. 260g",
    "productPriceOld": {
      "value": 1.89,
      "unit": "€"
    },
    "productPrice": {
      "value": 1.89,
      "unit": "€"
    },
    "productPricePerUnit": {
      "value": 7.27,
      "unit": "€/kg"
    },
    "productPriceWithLoyaltyCard": {
      "value": 1.69,
      "unit": "€"
    },
    "productPricePerUnitWithLoyaltyCard": {
      "value": 6.5,
      "unit": "€/kg"
    },
    "imageUrl": "https://cdn.barbora.lv/products/d8def80d-9ed9-43a1-9568-0427ac13e84c_s.png",
    "available": true,
    "discount": 11
  },
  {
    "shop": "CITRO",
    "categories": [
      1,
      1001,
      1001005
    ],
    "productName": "ALK.KOKT. GARAGE HARD  LINGONBERRY 4.6% 0.275L",
    "productPriceOld": null,
    "productPrice": null,
    "productPricePerUnit": {
      "value": 6.51,
      "unit": "€/L"
    },
    "productPriceWithLoyaltyCard": null,
    "productPricePerUnitWithLoyaltyCard": null,
    "imageUrl": "https://rezekne.citro.lv/wp-content/uploads/2022/05/4750049002812-300x300.jpg",
    "available": true,
    "discount": null
  },
  {
    "shop": "CITRO",
    "categories": [
      1,
      1001,
      1001005
    ],
    "productName": "ALK.KOKT. GARAGE HARD CALIFORNIAN PEAR 4.6% 0.275L",
    "productPriceOld": null,
    "productPrice": null,
    "productPricePerUnit": {
      "value": 6.51,
      "unit": "€/L"
    },
    "productPriceWithLoyaltyCard": null,
    "productPricePerUnitWithLoyaltyCard": null,
    "imageUrl": "https://rezekne.citro.lv/wp-content/uploads/2022/05/4750049002829-300x300.jpg",
    "available": true,
    "discount": null
  },
  {
    "shop": "CITRO",
    "categories": [
      1,
      1001,
      1001005
    ],
    "productName": "ALK.KOKT. GARAGE HARD LEMON 4% 0.275L STIKLS",
    "productPriceOld": null,
    "productPrice": null,
    "productPricePerUnit": {
      "value": 6.51,
      "unit": "€/L"
    },
    "productPriceWithLoyaltyCard": null,
    "productPricePerUnitWithLoyaltyCard": null,
    "imageUrl": "https://rezekne.citro.lv/wp-content/uploads/2022/02/4750049002836-300x300.jpg",
    "available": true,
    "discount": null
  },
  {
    "shop": "RIMI",
    "categories": [
      1,
      1003,
      1003003
    ],
    "productName": "Bezalkoholiskais sarkanvīns Just 0 0,75l",
    "productPriceOld": null,
    "productPrice": {
      "value": 4.89,
      "unit": "€/gab"
    },
    "productPricePerUnit": {
      "value": 6.52,
      "unit": "€/l"
    },
    "productPriceWithLoyaltyCard": null,
    "productPricePerUnitWithLoyaltyCard": null,
    "imageUrl": "https://rimibaltic-res.cloudinary.com/image/upload/d_ecommerce:backend-fallback.png/MAT_1366633_PCE_LV",
    "available": true,
    "discount": null
  },
  {
    "shop": "RIMI",
    "categories": [
      1,
      1003,
      1003003
    ],
    "productName": "Bezalkoholisks rozā vīns Just 0 0,75l",
    "productPriceOld": null,
    "productPrice": {
      "value": 4.89,
      "unit": "€/gab"
    },
    "productPricePerUnit": {
      "value": 6.52,
      "unit": "€/l"
    },
    "productPriceWithLoyaltyCard": null,
    "productPricePerUnitWithLoyaltyCard": null,
    "imageUrl": "https://rimibaltic-res.cloudinary.com/image/upload/d_ecommerce:backend-fallback.png/MAT_1366631_PCE_LV",
    "available": true,
    "discount": null
  },
  {
    "shop": "RIMI",
    "categories": [
      1,
      1003,
      1003003
    ],
    "productName": "Bezalkoholiskais baltvīns Just 0 0,75l",
    "productPriceOld": null,
    "productPrice": {
      "value": 4.89,
      "unit": "€/gab"
    },
    "productPricePerUnit": {
      "value": 6.52,
      "unit": "€/l"
    },
    "productPriceWithLoyaltyCard": null,
    "productPricePerUnitWithLoyaltyCard": null,
    "imageUrl": "https://rimibaltic-res.cloudinary.com/image/upload/d_ecommerce:backend-fallback.png/MAT_1366632_PCE_LV",
    "available": true,
    "discount": null
  },
  {
    "shop": "RIMI",
    "categories": [
      1,
      1001,
      1001004
    ],
    "productName": "Dz.v. Rīgas Šampan. Oriģ. 11,5% 0,75l",
    "productPriceOld": null,
    "productPrice": {
      "value": 6.45,
      "unit": "€/gab"
    },
    "productPricePerUnit": {
      "value": 8.6,
      "unit": "€/l"
    },
    "productPriceWithLoyaltyCard": {
      "value": 4.89,
      "unit": "€"
    },
    "productPricePerUnitWithLoyaltyCard": {
      "value": 6.52,
      "unit": "€/l"
    },
    "imageUrl": "https://rimibaltic-res.cloudinary.com/image/upload/d_ecommerce:backend-fallback.png/MAT_7008845_PCE_LV",
    "available": true,
    "discount": 24
  },
  {
    "shop": "RIMI",
    "categories": [
      1,
      1001,
      1001004
    ],
    "productName": "Dz.v. Rīgas Šampan.pussausais 11% 0,75l",
    "productPriceOld": null,
    "productPrice": {
      "value": 6.39,
      "unit": "€/gab"
    },
    "productPricePerUnit": {
      "value": 8.52,
      "unit": "€/l"
    },
    "productPriceWithLoyaltyCard": {
      "value": 4.89,
      "unit": "€"
    },
    "productPricePerUnitWithLoyaltyCard": {
      "value": 6.52,
      "unit": "€/l"
    },
    "imageUrl": "https://rimibaltic-res.cloudinary.com/image/upload/d_ecommerce:backend-fallback.png/MAT_460052_PCE_LV",
    "available": true,
    "discount": 23
  },
  {
    "shop": "RIMI",
    "categories": [
      1,
      1001,
      1001004
    ],
    "productName": "Dz.v. Rīgas Šamp. bruts 11,5% 0,75l",
    "productPriceOld": null,
    "productPrice": {
      "value": 6.39,
      "unit": "€/gab"
    },
    "productPricePerUnit": {
      "value": 8.52,
      "unit": "€/l"
    },
    "productPriceWithLoyaltyCard": {
      "value": 4.89,
      "unit": "€"
    },
    "productPricePerUnitWithLoyaltyCard": {
      "value": 6.52,
      "unit": "€/l"
    },
    "imageUrl": "https://rimibaltic-res.cloudinary.com/image/upload/d_ecommerce:backend-fallback.png/MAT_466631_PCE_LV",
    "available": true,
    "discount": 23
  },
  {
    "shop": "RIMI",
    "categories": [
      1,
      1001,
      1001004
    ],
    "productName": "Dz.v. Rīgas Šampan. saldo muskatu 11,5% 0,75l",
    "productPriceOld": null,
    "productPrice": {
      "value": 6.39,
      "unit": "€/gab"
    },
    "productPricePerUnit": {
      "value": 8.52,
      "unit": "€/l"
    },
    "productPriceWithLoyaltyCard": {
      "value": 4.89,
      "unit": "€"
    },
    "productPricePerUnitWithLoyaltyCard": {
      "value": 6.52,
      "unit": "€/l"
    },
    "imageUrl": "https://rimibaltic-res.cloudinary.com/image/upload/d_ecommerce:backend-fallback.png/MAT_138016_PCE_LV",
    "available": true,
    "discount": 23
  },
  {
    "shop": "MAXIMA",
    "categories": [
      1,
      1002,
      10010020
    ],
    "productName": "Sula apelsīnu-ābolu svaiga 750mlD",
    "productPriceOld": null,
    "productPrice": {
      "value": 4.89,
      "unit": "€"
    },
    "productPricePerUnit": {
      "value": 6.52,
      "unit": "€/l"
    },
    "productPriceWithLoyaltyCard": null,
    "productPricePerUnitWithLoyaltyCard": null,
    "imageUrl": "https://cdn.barbora.lv/products/7f40e62e-9afb-4b72-b373-37488bc5db1c_s.png",
    "available": true,
    "discount": null
  },
  {
    "shop": "MAXIMA",
    "categories": [
      1,
      1002,
      10010020
    ],
    "productName": "Sula mango banānu ābolu svaiga 750ml D",
    "productPriceOld": null,
    "productPrice": {
      "value": 4.89,
      "unit": "€"
    },
    "productPricePerUnit": {
      "value": 6.52,
      "unit": "€/l"
    },
    "productPriceWithLoyaltyCard": null,
    "productPricePerUnitWithLoyaltyCard": null,
    "imageUrl": "https://cdn.barbora.lv/products/d0605fdb-4eb1-4093-a3b1-499e70b704e6_s.png",
    "available": true,
    "discount": null
  },
  {
    "shop": "MAXIMA",
    "categories": [
      1,
      1002,
      10010020
    ],
    "productName": "Sula ābolu-citronu piparmētru 750ml D",
    "productPriceOld": null,
    "productPrice": {
      "value": 4.89,
      "unit": "€"
    },
    "productPricePerUnit": {
      "value": 6.52,
      "unit": "€/l"
    },
    "productPriceWithLoyaltyCard": null,
    "productPricePerUnitWithLoyaltyCard": null,
    "imageUrl": "https://cdn.barbora.lv/products/56a1232e-ccae-48ac-bca0-15fcbf619ef8_s.png",
    "available": true,
    "discount": null
  },
  {
    "shop": "MAXIMA",
    "categories": [
      1,
      1001,
      1001004
    ],
    "productName": "Dzirkst.v.JULES LAROSE BRUT 11% 0,75L",
    "productPriceOld": {
      "value": 6.59,
      "unit": "€"
    },
    "productPrice": {
      "value": 6.59,
      "unit": "€"
    },
    "productPricePerUnit": {
      "value": 8.79,
      "unit": "€/l"
    },
    "productPriceWithLoyaltyCard": {
      "value": 4.89,
      "unit": "€"
    },
    "productPricePerUnitWithLoyaltyCard": {
      "value": 6.52,
      "unit": "€/l"
    },
    "imageUrl": "https://cdn.barbora.lv/products/eb31b373-e576-4977-988b-ea891a0dcd1c_s.png",
    "available": true,
    "discount": 26
  },
  {
    "shop": "MAXIMA",
    "categories": [
      2,
      20011
    ],
    "productName": "Smalkmaizīte Banānu rausītis 90g",
    "productPriceOld": null,
    "productPrice": {
      "value": 0.59,
      "unit": "€"
    },
    "productPricePerUnit": {
      "value": 6.56,
      "unit": "€/kg"
    },
    "productPriceWithLoyaltyCard": null,
    "productPricePerUnitWithLoyaltyCard": null,
    "imageUrl": "https://cdn.barbora.lv/products/cf58f1ad-5442-415b-a109-7210154f2f40_s.png",
    "available": true,
    "discount": null
  },
  {
    "shop": "RIMI",
    "categories": [
      1,
      1001,
      1001001
    ],
    "productName": "Alus Labietis Pļava 6,3% 0,44l",
    "productPriceOld": null,
    "productPrice": {
      "value": 2.89,
      "unit": "€/gab"
    },
    "productPricePerUnit": {
      "value": 6.57,
      "unit": "€/l"
    },
    "productPriceWithLoyaltyCard": null,
    "productPricePerUnitWithLoyaltyCard": null,
    "imageUrl": "https://rimibaltic-res.cloudinary.com/image/upload/d_ecommerce:backend-fallback.png/MAT_1373526_PCE_LV",
    "available": true,
    "discount": null
  },
  {
    "shop": "RIMI",
    "categories": [
      1,
      1001,
      1001001
    ],
    "productName": "Alus Labietis Pļava 6,3% 0,44l",
    "productPriceOld": null,
    "productPrice": {
      "value": 2.89,
      "unit": "€/gab"
    },
    "productPricePerUnit": {
      "value": 6.57,
      "unit": "€/l"
    },
    "productPriceWithLoyaltyCard": null,
    "productPricePerUnitWithLoyaltyCard": null,
    "imageUrl": "https://rimibaltic-res.cloudinary.com/image/upload/d_ecommerce:backend-fallback.png/MAT_1373526_PCE_LV",
    "available": true,
    "discount": null
  },
  {
    "shop": "RIMI",
    "categories": [
      1,
      1001,
      1001001
    ],
    "productName": "Alus Weihenstephaner Hefe Weissbier 5,4% 0,5l",
    "productPriceOld": null,
    "productPrice": {
      "value": 3.29,
      "unit": "€/gab"
    },
    "productPricePerUnit": {
      "value": 6.58,
      "unit": "€/l"
    },
    "productPriceWithLoyaltyCard": null,
    "productPricePerUnitWithLoyaltyCard": null,
    "imageUrl": "https://rimibaltic-res.cloudinary.com/image/upload/d_ecommerce:backend-fallback.png/MAT_1373124_PCE_LV",
    "available": true,
    "discount": null
  },
  {
    "shop": "MAXIMA",
    "categories": [
      1,
      1001,
      1001003
    ],
    "productName": "Vīns GRAND SUD Sauvignon 11% 1L",
    "productPriceOld": {
      "value": 9.45,
      "unit": "€"
    },
    "productPrice": {
      "value": 9.45,
      "unit": "€"
    },
    "productPricePerUnit": {
      "value": 9.45,
      "unit": "€/l"
    },
    "productPriceWithLoyaltyCard": {
      "value": 6.59,
      "unit": "€"
    },
    "productPricePerUnitWithLoyaltyCard": {
      "value": 6.59,
      "unit": "€/l"
    },
    "imageUrl": "https://cdn.barbora.lv/products/5d64d888-55c3-4c7c-bbe8-4d9fde59a600_s.png",
    "available": true,
    "discount": 30
  },
  {
    "shop": "MAXIMA",
    "categories": [
      1,
      1001,
      1001003
    ],
    "productName": "Vīns GRAND SUD Cabernet 13,5% 1L",
    "productPriceOld": {
      "value": 9.45,
      "unit": "€"
    },
    "productPrice": {
      "value": 9.45,
      "unit": "€"
    },
    "productPricePerUnit": {
      "value": 9.45,
      "unit": "€/l"
    },
    "productPriceWithLoyaltyCard": {
      "value": 6.59,
      "unit": "€"
    },
    "productPricePerUnitWithLoyaltyCard": {
      "value": 6.59,
      "unit": "€/l"
    },
    "imageUrl": "https://cdn.barbora.lv/products/7e422c79-877d-45c0-8c4f-18c8d1b0283a_s.png",
    "available": true,
    "discount": 30
  },
  {
    "shop": "RIMI",
    "categories": [
      2,
      2001,
      20010014
    ],
    "productName": "Maize Lāči tumšā augļu 300g",
    "productPriceOld": null,
    "productPrice": {
      "value": 1.99,
      "unit": "€/gab"
    },
    "productPricePerUnit": {
      "value": 6.63,
      "unit": "€/kg"
    },
    "productPriceWithLoyaltyCard": null,
    "productPricePerUnitWithLoyaltyCard": null,
    "imageUrl": "https://rimibaltic-res.cloudinary.com/image/upload/d_ecommerce:backend-fallback.png/MAT_273549_PCE_LV",
    "available": true,
    "discount": null
  },
  {
    "shop": "RIMI",
    "categories": [
      2,
      2001,
      2001007,
      2001001
    ],
    "productName": "Maiziņš kliju pilngraudu 240g",
    "productPriceOld": null,
    "productPrice": {
      "value": 1.59,
      "unit": "€/gab"
    },
    "productPricePerUnit": {
      "value": 6.63,
      "unit": "€/kg"
    },
    "productPriceWithLoyaltyCard": null,
    "productPricePerUnitWithLoyaltyCard": null,
    "imageUrl": "https://rimibaltic-res.cloudinary.com/image/upload/d_ecommerce:backend-fallback.png/MAT_975207_PCE_LV",
    "available": true,
    "discount": null
  },
  {
    "shop": "MAXIMA",
    "categories": [
      1,
      1001,
      1001003
    ],
    "productName": "Vīns BOLLINO WHITE 10% 0,75L",
    "productPriceOld": null,
    "productPrice": {
      "value": 4.97,
      "unit": "€"
    },
    "productPricePerUnit": {
      "value": 6.63,
      "unit": "€/l"
    },
    "productPriceWithLoyaltyCard": null,
    "productPricePerUnitWithLoyaltyCard": null,
    "imageUrl": "https://cdn.barbora.lv/products/543993df-0afe-413a-8fca-a6dea6477aec_s.png",
    "available": true,
    "discount": null
  },
  {
    "shop": "MAXIMA",
    "categories": [
      2,
      2001,
      20010014
    ],
    "productName": "Tumšā augļu maize LĀČI 300g",
    "productPriceOld": {
      "value": 2.19,
      "unit": "€"
    },
    "productPrice": {
      "value": 2.19,
      "unit": "€"
    },
    "productPricePerUnit": {
      "value": 7.3,
      "unit": "€/kg"
    },
    "productPriceWithLoyaltyCard": {
      "value": 1.99,
      "unit": "€"
    },
    "productPricePerUnitWithLoyaltyCard": {
      "value": 6.63,
      "unit": "€/kg"
    },
    "imageUrl": "https://cdn.barbora.lv/products/645b9acd-6daa-4b71-8529-e4964c18a3ca_s.png",
    "available": true,
    "discount": 9
  },
  {
    "shop": "RIMI",
    "categories": [
      2,
      2001,
      20010015
    ],
    "productName": "Maiz.kabat. Fazer Street Food tostēšanai 330g",
    "productPriceOld": {
      "value": 2.89,
      "unit": "€"
    },
    "productPrice": {
      "value": 2.19,
      "unit": "€/gab"
    },
    "productPricePerUnit": {
      "value": 6.64,
      "unit": "€/kg"
    },
    "productPriceWithLoyaltyCard": null,
    "productPricePerUnitWithLoyaltyCard": null,
    "imageUrl": "https://rimibaltic-res.cloudinary.com/image/upload/d_ecommerce:backend-fallback.png/MAT_4004140_PCE_LV",
    "available": true,
    "discount": 24
  },
  {
    "shop": "CITRO",
    "categories": [
      1,
      1001,
      1001001
    ],
    "productName": "ALUS KOKT. SALITOS ORIGINAL 5.9% 0.33L STIKLS",
    "productPriceOld": null,
    "productPrice": null,
    "productPricePerUnit": {
      "value": 6.64,
      "unit": "€/L"
    },
    "productPriceWithLoyaltyCard": null,
    "productPricePerUnitWithLoyaltyCard": null,
    "imageUrl": "https://rezekne.citro.lv/wp-content/uploads/2022/03/4751040960347-300x300.jpg",
    "available": true,
    "discount": null
  },
  {
    "shop": "MAXIMA",
    "categories": [
      1,
      1003,
      1003004
    ],
    "productName": "Dealk.dz.vīna dzēriens MIONETTO 750ml D",
    "productPriceOld": {
      "value": 6.99,
      "unit": "€"
    },
    "productPrice": {
      "value": 6.99,
      "unit": "€"
    },
    "productPricePerUnit": {
      "value": 9.32,
      "unit": "€/l"
    },
    "productPriceWithLoyaltyCard": {
      "value": 4.99,
      "unit": "€"
    },
    "productPricePerUnitWithLoyaltyCard": {
      "value": 6.65,
      "unit": "€/l"
    },
    "imageUrl": "https://cdn.barbora.lv/products/3ecd8317-a61a-49e0-9d8c-39bd6a613704_s.png",
    "available": true,
    "discount": 29
  },
  {
    "shop": "MAXIMA",
    "categories": [
      1,
      1003,
      1003003
    ],
    "productName": "Vīns DR.ZENZEN Riesling b/a 0,75L D",
    "productPriceOld": {
      "value": 7.47,
      "unit": "€"
    },
    "productPrice": {
      "value": 7.47,
      "unit": "€"
    },
    "productPricePerUnit": {
      "value": 9.96,
      "unit": "€/l"
    },
    "productPriceWithLoyaltyCard": {
      "value": 4.99,
      "unit": "€"
    },
    "productPricePerUnitWithLoyaltyCard": {
      "value": 6.65,
      "unit": "€/l"
    },
    "imageUrl": "https://cdn.barbora.lv/products/b973949d-2a37-4a64-948e-8fa689db3af3_s.png",
    "available": true,
    "discount": 33
  },
  {
    "shop": "MAXIMA",
    "categories": [
      1,
      1003,
      1003003
    ],
    "productName": "Vīns DR.ZENZEN Dornfelder b/a 0,75L D",
    "productPriceOld": {
      "value": 7.47,
      "unit": "€"
    },
    "productPrice": {
      "value": 7.47,
      "unit": "€"
    },
    "productPricePerUnit": {
      "value": 9.96,
      "unit": "€/l"
    },
    "productPriceWithLoyaltyCard": {
      "value": 4.99,
      "unit": "€"
    },
    "productPricePerUnitWithLoyaltyCard": {
      "value": 6.65,
      "unit": "€/l"
    },
    "imageUrl": "https://cdn.barbora.lv/products/db6e4de5-2a3e-48db-9ce8-2b064548831b_s.png",
    "available": true,
    "discount": 33
  },
  {
    "shop": "MAXIMA",
    "categories": [
      1,
      1003,
      1003003
    ],
    "productName": "Vīns BLUE NUN Light White b/a 750ml D",
    "productPriceOld": {
      "value": 7.59,
      "unit": "€"
    },
    "productPrice": {
      "value": 7.59,
      "unit": "€"
    },
    "productPricePerUnit": {
      "value": 10.12,
      "unit": "€/l"
    },
    "productPriceWithLoyaltyCard": {
      "value": 4.99,
      "unit": "€"
    },
    "productPricePerUnitWithLoyaltyCard": {
      "value": 6.65,
      "unit": "€/l"
    },
    "imageUrl": "https://cdn.barbora.lv/products/5fb45adb-4ae2-49f2-8d7e-748ab72ed396_s.png",
    "available": true,
    "discount": 34
  },
  {
    "shop": "MAXIMA",
    "categories": [
      1,
      1003,
      1003003
    ],
    "productName": "Vīns BLUE NUN Light Red b/a 750ml D",
    "productPriceOld": {
      "value": 7.59,
      "unit": "€"
    },
    "productPrice": {
      "value": 7.59,
      "unit": "€"
    },
    "productPricePerUnit": {
      "value": 10.12,
      "unit": "€/l"
    },
    "productPriceWithLoyaltyCard": {
      "value": 4.99,
      "unit": "€"
    },
    "productPricePerUnitWithLoyaltyCard": {
      "value": 6.65,
      "unit": "€/l"
    },
    "imageUrl": "https://cdn.barbora.lv/products/96211360-5d1a-4a30-9675-48bfb2921fcc_s.png",
    "available": true,
    "discount": 34
  },
  {
    "shop": "MAXIMA",
    "categories": [
      1,
      1001,
      1001003
    ],
    "productName": "Vīns MEERESTEIN CHENIN PINOT 12%0,75L",
    "productPriceOld": {
      "value": 7.35,
      "unit": "€"
    },
    "productPrice": {
      "value": 7.35,
      "unit": "€"
    },
    "productPricePerUnit": {
      "value": 9.8,
      "unit": "€/l"
    },
    "productPriceWithLoyaltyCard": {
      "value": 4.99,
      "unit": "€"
    },
    "productPricePerUnitWithLoyaltyCard": {
      "value": 6.65,
      "unit": "€/l"
    },
    "imageUrl": "https://cdn.barbora.lv/products/26079b65-dd40-4d38-85a4-9cdcf9a958e9_s.png",
    "available": true,
    "discount": 32
  },
  {
    "shop": "MAXIMA",
    "categories": [
      1,
      1001,
      1001003
    ],
    "productName": "Vīns GRAN CASTILLO SHIRAZ 12% 0,75L",
    "productPriceOld": {
      "value": 6.69,
      "unit": "€"
    },
    "productPrice": {
      "value": 6.69,
      "unit": "€"
    },
    "productPricePerUnit": {
      "value": 8.92,
      "unit": "€/l"
    },
    "productPriceWithLoyaltyCard": {
      "value": 4.99,
      "unit": "€"
    },
    "productPricePerUnitWithLoyaltyCard": {
      "value": 6.65,
      "unit": "€/l"
    },
    "imageUrl": "https://cdn.barbora.lv/products/2c57fed7-cf38-4858-bf52-09785e015298_s.png",
    "available": true,
    "discount": 25
  },
  {
    "shop": "MAXIMA",
    "categories": [
      1,
      1001,
      1001003
    ],
    "productName": "Vīns MEERESTEIN SHIRAZ 14% 0,75L",
    "productPriceOld": {
      "value": 7.35,
      "unit": "€"
    },
    "productPrice": {
      "value": 7.35,
      "unit": "€"
    },
    "productPricePerUnit": {
      "value": 9.8,
      "unit": "€/l"
    },
    "productPriceWithLoyaltyCard": {
      "value": 4.99,
      "unit": "€"
    },
    "productPricePerUnitWithLoyaltyCard": {
      "value": 6.65,
      "unit": "€/l"
    },
    "imageUrl": "https://cdn.barbora.lv/products/b1ca479b-ee8a-43c6-adc0-f01675d669df_s.png",
    "available": true,
    "discount": 32
  },
  {
    "shop": "MAXIMA",
    "categories": [
      1,
      1001,
      1001003
    ],
    "productName": "Vīns KGM ALAZANI VALLEY WHITE 12,5%0,75L",
    "productPriceOld": {
      "value": 7.35,
      "unit": "€"
    },
    "productPrice": {
      "value": 7.35,
      "unit": "€"
    },
    "productPricePerUnit": {
      "value": 9.8,
      "unit": "€/l"
    },
    "productPriceWithLoyaltyCard": {
      "value": 4.99,
      "unit": "€"
    },
    "productPricePerUnitWithLoyaltyCard": {
      "value": 6.65,
      "unit": "€/l"
    },
    "imageUrl": "https://cdn.barbora.lv/products/023e2518-c50f-4fb8-879f-0da76678baa2_s.png",
    "available": true,
    "discount": 32
  },
  {
    "shop": "MAXIMA",
    "categories": [
      1,
      1001,
      1001003
    ],
    "productName": "Vīns TORRE ORIA Crianza 13% 0,75L",
    "productPriceOld": {
      "value": 6.69,
      "unit": "€"
    },
    "productPrice": {
      "value": 6.69,
      "unit": "€"
    },
    "productPricePerUnit": {
      "value": 8.92,
      "unit": "€/l"
    },
    "productPriceWithLoyaltyCard": {
      "value": 4.99,
      "unit": "€"
    },
    "productPricePerUnitWithLoyaltyCard": {
      "value": 6.65,
      "unit": "€/l"
    },
    "imageUrl": "https://cdn.barbora.lv/products/7c1f478c-a0ce-402f-8ce3-47a982a083a3_s.png",
    "available": true,
    "discount": 25
  },
  {
    "shop": "MAXIMA",
    "categories": [
      1,
      1001,
      1001003
    ],
    "productName": "Vīns PASTORAL PASHAĻNIJ 11% 0,75L",
    "productPriceOld": {
      "value": 6.13,
      "unit": "€"
    },
    "productPrice": {
      "value": 6.13,
      "unit": "€"
    },
    "productPricePerUnit": {
      "value": 8.17,
      "unit": "€/l"
    },
    "productPriceWithLoyaltyCard": {
      "value": 4.99,
      "unit": "€"
    },
    "productPricePerUnitWithLoyaltyCard": {
      "value": 6.65,
      "unit": "€/l"
    },
    "imageUrl": "https://cdn.barbora.lv/products/d923138b-92fa-4fbc-83dc-2e7a29bfb746_s.png",
    "available": true,
    "discount": 19
  },
  {
    "shop": "MAXIMA",
    "categories": [
      1,
      1001,
      1001003
    ],
    "productName": "Vīns BOLLINO RED 10% 0,75l",
    "productPriceOld": null,
    "productPrice": {
      "value": 4.99,
      "unit": "€"
    },
    "productPricePerUnit": {
      "value": 6.65,
      "unit": "€/l"
    },
    "productPriceWithLoyaltyCard": null,
    "productPricePerUnitWithLoyaltyCard": null,
    "imageUrl": "https://cdn.barbora.lv/products/2fa827ef-a2d4-4c62-86f0-440ec3b5f69c_s.png",
    "available": true,
    "discount": null
  },
  {
    "shop": "MAXIMA",
    "categories": [
      1,
      1001,
      1001003
    ],
    "productName": "Vīns LE PETIT CHAT Red 13,5% 0,75L",
    "productPriceOld": {
      "value": 6.99,
      "unit": "€"
    },
    "productPrice": {
      "value": 6.99,
      "unit": "€"
    },
    "productPricePerUnit": {
      "value": 9.32,
      "unit": "€/l"
    },
    "productPriceWithLoyaltyCard": {
      "value": 4.99,
      "unit": "€"
    },
    "productPricePerUnitWithLoyaltyCard": {
      "value": 6.65,
      "unit": "€/l"
    },
    "imageUrl": "https://cdn.barbora.lv/products/4f26ba94-c7ae-49ae-a9ad-83576a9ba0ca_s.png",
    "available": true,
    "discount": 29
  },
  {
    "shop": "CITRO",
    "categories": [
      1,
      1001,
      1001003
    ],
    "productName": "VĪNS B. FREEGOLD MOSCATEL 12% 0.75L",
    "productPriceOld": {
      "value": 6.99,
      "unit": "€"
    },
    "productPrice": {
      "value": 4.99,
      "unit": "€"
    },
    "productPricePerUnit": {
      "value": 6.65,
      "unit": "€/L"
    },
    "productPriceWithLoyaltyCard": null,
    "productPricePerUnitWithLoyaltyCard": null,
    "imageUrl": "https://rezekne.citro.lv/wp-content/uploads/2020/12/8412276658328-300x300.jpg",
    "available": true,
    "discount": 29
  },
  {
    "shop": "CITRO",
    "categories": [
      1,
      1001,
      1001003
    ],
    "productName": "VĪNS R. FREEGOLD ROSE 12% 0.75L",
    "productPriceOld": {
      "value": 6.99,
      "unit": "€"
    },
    "productPrice": {
      "value": 4.99,
      "unit": "€"
    },
    "productPricePerUnit": {
      "value": 6.65,
      "unit": "€/L"
    },
    "productPriceWithLoyaltyCard": null,
    "productPricePerUnitWithLoyaltyCard": null,
    "imageUrl": "https://rezekne.citro.lv/wp-content/uploads/2020/12/8412276358327-300x300.jpg",
    "available": true,
    "discount": 29
  },
  {
    "shop": "CITRO",
    "categories": [
      1,
      1001,
      1001003
    ],
    "productName": "VĪNS B. CHAPEL HILL PINOT GRIGIO 12.5% 0.75L",
    "productPriceOld": {
      "value": 5.99,
      "unit": "€"
    },
    "productPrice": {
      "value": 4.99,
      "unit": "€"
    },
    "productPricePerUnit": {
      "value": 6.65,
      "unit": "€/L"
    },
    "productPriceWithLoyaltyCard": null,
    "productPricePerUnitWithLoyaltyCard": null,
    "imageUrl": "https://rezekne.citro.lv/wp-content/uploads/2021/06/5015271016181-300x300.jpg",
    "available": true,
    "discount": 17
  },
  {
    "shop": "CITRO",
    "categories": [
      1,
      1001,
      1001003
    ],
    "productName": "VĪNS S. CHAPEL HILL MERLOT 12.5% 0.75L",
    "productPriceOld": {
      "value": 5.99,
      "unit": "€"
    },
    "productPrice": {
      "value": 4.99,
      "unit": "€"
    },
    "productPricePerUnit": {
      "value": 6.65,
      "unit": "€/L"
    },
    "productPriceWithLoyaltyCard": null,
    "productPricePerUnitWithLoyaltyCard": null,
    "imageUrl": "https://rezekne.citro.lv/wp-content/uploads/2022/11/5015271004010-300x300.jpg",
    "available": true,
    "discount": 17
  },
  {
    "shop": "CITRO",
    "categories": [
      1,
      1001,
      1001004
    ],
    "productName": "DZ.VĪNS FRIZZANTINI SWEET 10.5% 0.75L",
    "productPriceOld": null,
    "productPrice": null,
    "productPricePerUnit": {
      "value": 6.65,
      "unit": "€/L"
    },
    "productPriceWithLoyaltyCard": null,
    "productPricePerUnitWithLoyaltyCard": null,
    "imageUrl": "https://rezekne.citro.lv/wp-content/uploads/2024/02/4770047233483-300x300.jpg",
    "available": true,
    "discount": null
  },
  {
    "shop": "CITRO",
    "categories": [
      1,
      1001,
      1001003
    ],
    "productName": "VĪNS S. AZNAURI VALLEY 11.5% 0.75L",
    "productPriceOld": {
      "value": 5.99,
      "unit": "€"
    },
    "productPrice": {
      "value": 4.99,
      "unit": "€"
    },
    "productPricePerUnit": {
      "value": 6.65,
      "unit": "€/L"
    },
    "productPriceWithLoyaltyCard": null,
    "productPricePerUnitWithLoyaltyCard": null,
    "imageUrl": "https://rezekne.citro.lv/wp-content/uploads/2024/01/4820189290216-300x300.jpg",
    "available": true,
    "discount": 17
  },
  {
    "shop": "CITRO",
    "categories": [
      1,
      1001,
      1001003
    ],
    "productName": "VĪNS S. AZNAURI VALLEY 11% 0.75L",
    "productPriceOld": {
      "value": 5.99,
      "unit": "€"
    },
    "productPrice": {
      "value": 4.99,
      "unit": "€"
    },
    "productPricePerUnit": {
      "value": 6.65,
      "unit": "€/L"
    },
    "productPriceWithLoyaltyCard": null,
    "productPricePerUnitWithLoyaltyCard": null,
    "imageUrl": "https://rezekne.citro.lv/wp-content/uploads/2024/01/4820189290223-300x300.jpg",
    "available": true,
    "discount": 17
  },
  {
    "shop": "MAXIMA",
    "categories": [
      1,
      1001,
      1001003
    ],
    "productName": "Vīns GRAN CASTILLO CAB.SAUV.12% 0,75L",
    "productPriceOld": {
      "value": 6.89,
      "unit": "€"
    },
    "productPrice": {
      "value": 6.89,
      "unit": "€"
    },
    "productPricePerUnit": {
      "value": 9.19,
      "unit": "€/l"
    },
    "productPriceWithLoyaltyCard": {
      "value": 4.99,
      "unit": "€"
    },
    "productPricePerUnitWithLoyaltyCard": {
      "value": 6.66,
      "unit": "€/l"
    },
    "imageUrl": "https://cdn.barbora.lv/products/1610c3f8-bc30-4638-98df-7fc73d1d5934_s.png",
    "available": true,
    "discount": 28
  },
  {
    "shop": "RIMI",
    "categories": [
      2,
      2007
    ],
    "productName": "Kēkss ar žāvētiem augļiem 400g",
    "productPriceOld": null,
    "productPrice": {
      "value": 2.69,
      "unit": "€/gab"
    },
    "productPricePerUnit": {
      "value": 6.72,
      "unit": "€/kg"
    },
    "productPriceWithLoyaltyCard": null,
    "productPricePerUnitWithLoyaltyCard": null,
    "imageUrl": "https://rimibaltic-res.cloudinary.com/image/upload/d_ecommerce:backend-fallback.png/MAT_153915_PCE_LV",
    "available": true,
    "discount": null
  },
  {
    "shop": "RIMI",
    "categories": [
      2,
      2001,
      2001004
    ],
    "productName": "Maize pilnrudzu 400g",
    "productPriceOld": null,
    "productPrice": {
      "value": 2.69,
      "unit": "€/gab"
    },
    "productPricePerUnit": {
      "value": 6.72,
      "unit": "€/kg"
    },
    "productPriceWithLoyaltyCard": null,
    "productPricePerUnitWithLoyaltyCard": null,
    "imageUrl": "https://rimibaltic-res.cloudinary.com/image/upload/d_ecommerce:backend-fallback.png/MAT_939137_PCE_LV",
    "available": true,
    "discount": null
  },
  {
    "shop": "RIMI",
    "categories": [
      1,
      1002,
      10010020
    ],
    "productName": "Sulas dz. tomātu Asiņainā Mērija 250ml",
    "productPriceOld": null,
    "productPrice": {
      "value": 1.69,
      "unit": "€/gab"
    },
    "productPricePerUnit": {
      "value": 6.76,
      "unit": "€/l"
    },
    "productPriceWithLoyaltyCard": null,
    "productPricePerUnitWithLoyaltyCard": null,
    "imageUrl": "https://rimibaltic-res.cloudinary.com/image/upload/d_ecommerce:backend-fallback.png/MAT_986069_PCE_LV",
    "available": true,
    "discount": null
  },
  {
    "shop": "MAXIMA",
    "categories": [
      1,
      1002,
      10010020
    ],
    "productName": "Sula GRANINI apelsīnu 100% 250ml D",
    "productPriceOld": null,
    "productPrice": {
      "value": 1.69,
      "unit": "€"
    },
    "productPricePerUnit": {
      "value": 6.76,
      "unit": "€/l"
    },
    "productPriceWithLoyaltyCard": null,
    "productPricePerUnitWithLoyaltyCard": null,
    "imageUrl": "https://cdn.barbora.lv/products/8cb4fd70-688f-4e72-9a68-747e29f369ae_s.png",
    "available": true,
    "discount": null
  },
  {
    "shop": "MAXIMA",
    "categories": [
      1,
      1002,
      10010022
    ],
    "productName": "Enerģijas dzēriens RED BULL 0,25L D",
    "productPriceOld": null,
    "productPrice": {
      "value": 1.69,
      "unit": "€"
    },
    "productPricePerUnit": {
      "value": 6.76,
      "unit": "€/l"
    },
    "productPriceWithLoyaltyCard": null,
    "productPricePerUnitWithLoyaltyCard": null,
    "imageUrl": "https://cdn.barbora.lv/products/94cca346-51e4-40dc-b5c8-9c338c688593_s.png",
    "available": true,
    "discount": null
  },
  {
    "shop": "MAXIMA",
    "categories": [
      1,
      1002,
      10010022
    ],
    "productName": "Enerģijas dzēriens RED BULL Aprikožu-zemeņu 250ml D",
    "productPriceOld": null,
    "productPrice": {
      "value": 1.69,
      "unit": "€"
    },
    "productPricePerUnit": {
      "value": 6.76,
      "unit": "€/l"
    },
    "productPriceWithLoyaltyCard": null,
    "productPricePerUnitWithLoyaltyCard": null,
    "imageUrl": "https://cdn.barbora.lv/products/e2d64ca5-0203-45cb-9e6f-416856a446c1_s.png",
    "available": true,
    "discount": null
  },
  {
    "shop": "MAXIMA",
    "categories": [
      1,
      1002,
      10010022
    ],
    "productName": "Enerģijas dzēriens RED BULL Blue Edition 0,25L D",
    "productPriceOld": null,
    "productPrice": {
      "value": 1.69,
      "unit": "€"
    },
    "productPricePerUnit": {
      "value": 6.76,
      "unit": "€/l"
    },
    "productPriceWithLoyaltyCard": null,
    "productPricePerUnitWithLoyaltyCard": null,
    "imageUrl": "https://cdn.barbora.lv/products/6da18369-540f-4db4-80e0-0b7d2efdf903_s.png",
    "available": true,
    "discount": null
  },
  {
    "shop": "MAXIMA",
    "categories": [
      1,
      1002,
      10010022
    ],
    "productName": "Enerģijas dzēriens RED BULL RED EDITION 0,25L D",
    "productPriceOld": null,
    "productPrice": {
      "value": 1.69,
      "unit": "€"
    },
    "productPricePerUnit": {
      "value": 6.76,
      "unit": "€/l"
    },
    "productPriceWithLoyaltyCard": null,
    "productPricePerUnitWithLoyaltyCard": null,
    "imageUrl": "https://cdn.barbora.lv/products/e762468d-7800-47f2-aa27-694566025a81_s.png",
    "available": true,
    "discount": null
  },
  {
    "shop": "MAXIMA",
    "categories": [
      1,
      1002,
      10010022
    ],
    "productName": "Enerģijas dzēriens RED BULL YELLOW EDITION 0,25LD",
    "productPriceOld": null,
    "productPrice": {
      "value": 1.69,
      "unit": "€"
    },
    "productPricePerUnit": {
      "value": 6.76,
      "unit": "€/l"
    },
    "productPriceWithLoyaltyCard": null,
    "productPricePerUnitWithLoyaltyCard": null,
    "imageUrl": "https://cdn.barbora.lv/products/b1d85b57-8bcf-43f4-9289-2dc133180d30_s.png",
    "available": true,
    "discount": null
  },
  {
    "shop": "MAXIMA",
    "categories": [
      1,
      1002,
      10010022
    ],
    "productName": "Enerģijas dzēriens RED BULL Green Edition 250ml D",
    "productPriceOld": null,
    "productPrice": {
      "value": 1.69,
      "unit": "€"
    },
    "productPricePerUnit": {
      "value": 6.76,
      "unit": "€/l"
    },
    "productPriceWithLoyaltyCard": null,
    "productPricePerUnitWithLoyaltyCard": null,
    "imageUrl": "https://cdn.barbora.lv/products/2b270ed3-c5ff-448a-8db1-04d206c79751_s.png",
    "available": true,
    "discount": null
  },
  {
    "shop": "CITRO",
    "categories": [
      1,
      1001,
      1001001
    ],
    "productName": "ALUS CORONA EXTRA 4.5% 0.33L SKĀRD.",
    "productPriceOld": null,
    "productPrice": null,
    "productPricePerUnit": {
      "value": 6.76,
      "unit": "€/L"
    },
    "productPriceWithLoyaltyCard": null,
    "productPricePerUnitWithLoyaltyCard": null,
    "imageUrl": "https://rezekne.citro.lv/wp-content/uploads/2022/11/5410228293385-300x300.jpg",
    "available": true,
    "discount": null
  },
  {
    "shop": "RIMI",
    "categories": [
      1,
      1003,
      1003002
    ],
    "productName": "Bezalkoholiskais ābolu sidrs Tālavas 0,44l",
    "productPriceOld": null,
    "productPrice": {
      "value": 2.99,
      "unit": "€/gab"
    },
    "productPricePerUnit": {
      "value": 6.8,
      "unit": "€/l"
    },
    "productPriceWithLoyaltyCard": null,
    "productPricePerUnitWithLoyaltyCard": null,
    "imageUrl": "https://rimibaltic-res.cloudinary.com/image/upload/d_ecommerce:backend-fallback.png/MAT_1373176_PCE_LV",
    "available": true,
    "discount": null
  },
  {
    "shop": "RIMI",
    "categories": [
      1,
      1001,
      1001001
    ],
    "productName": "Alus Labietis Aroniju ragana 5,1% 0,44l",
    "productPriceOld": null,
    "productPrice": {
      "value": 2.99,
      "unit": "€/gab"
    },
    "productPricePerUnit": {
      "value": 6.8,
      "unit": "€/l"
    },
    "productPriceWithLoyaltyCard": null,
    "productPricePerUnitWithLoyaltyCard": null,
    "imageUrl": "https://rimibaltic-res.cloudinary.com/image/upload/d_ecommerce:backend-fallback.png/MAT_1373544_PCE_LV",
    "available": true,
    "discount": null
  },
  {
    "shop": "RIMI",
    "categories": [
      1,
      1001,
      1001001
    ],
    "productName": "Alus Labietis Aroniju ragana 5,1% 0,44l",
    "productPriceOld": null,
    "productPrice": {
      "value": 2.99,
      "unit": "€/gab"
    },
    "productPricePerUnit": {
      "value": 6.8,
      "unit": "€/l"
    },
    "productPriceWithLoyaltyCard": null,
    "productPricePerUnitWithLoyaltyCard": null,
    "imageUrl": "https://rimibaltic-res.cloudinary.com/image/upload/d_ecommerce:backend-fallback.png/MAT_1373544_PCE_LV",
    "available": true,
    "discount": null
  },
  {
    "shop": "MAXIMA",
    "categories": [
      1,
      1001,
      1001003
    ],
    "productName": "Vīns BECCACCIA BIANCO 11,5% BIB 3L",
    "productPriceOld": null,
    "productPrice": {
      "value": 20.39,
      "unit": "€"
    },
    "productPricePerUnit": {
      "value": 6.8,
      "unit": "€/l"
    },
    "productPriceWithLoyaltyCard": null,
    "productPricePerUnitWithLoyaltyCard": null,
    "imageUrl": "https://cdn.barbora.lv/products/3fa4093e-2457-45fa-b936-c4f240906578_s.png",
    "available": true,
    "discount": null
  },
  {
    "shop": "MAXIMA",
    "categories": [
      1,
      1001,
      1001003
    ],
    "productName": "Vīns BECCACCIA ROSSO 11,5% BIB 3L",
    "productPriceOld": null,
    "productPrice": {
      "value": 20.39,
      "unit": "€"
    },
    "productPricePerUnit": {
      "value": 6.8,
      "unit": "€/l"
    },
    "productPriceWithLoyaltyCard": null,
    "productPricePerUnitWithLoyaltyCard": null,
    "imageUrl": "https://cdn.barbora.lv/products/e83146de-f03e-4653-94d2-aa4170f3f761_s.png",
    "available": true,
    "discount": null
  },
  {
    "shop": "RIMI",
    "categories": [
      2,
      2001,
      2001009
    ],
    "productName": "Hamburgers maxi 300g",
    "productPriceOld": null,
    "productPrice": {
      "value": 2.05,
      "unit": "€/gab"
    },
    "productPricePerUnit": {
      "value": 6.83,
      "unit": "€/kg"
    },
    "productPriceWithLoyaltyCard": null,
    "productPricePerUnitWithLoyaltyCard": null,
    "imageUrl": "https://rimibaltic-res.cloudinary.com/image/upload/d_ecommerce:backend-fallback.png/MAT_177180_PCE_LV",
    "available": true,
    "discount": null
  },
  {
    "shop": "MAXIMA",
    "categories": [
      2,
      2001,
      2001009
    ],
    "productName": "Burgeru maizītes 4gab. 300g",
    "productPriceOld": null,
    "productPrice": {
      "value": 2.05,
      "unit": "€"
    },
    "productPricePerUnit": {
      "value": 6.83,
      "unit": "€/kg"
    },
    "productPriceWithLoyaltyCard": null,
    "productPricePerUnitWithLoyaltyCard": null,
    "imageUrl": "https://cdn.barbora.lv/products/139ef3e9-bf9a-4edd-a765-667ef015b233_s.png",
    "available": true,
    "discount": null
  },
  {
    "shop": "MAXIMA",
    "categories": [
      1,
      1001,
      1001006
    ],
    "productName": "Vermuts BELFIORE BIANCO 15% 1L",
    "productPriceOld": null,
    "productPrice": {
      "value": 6.85,
      "unit": "€"
    },
    "productPricePerUnit": {
      "value": 6.85,
      "unit": "€/l"
    },
    "productPriceWithLoyaltyCard": null,
    "productPricePerUnitWithLoyaltyCard": null,
    "imageUrl": "https://cdn.barbora.lv/products/cc913c4a-710a-4881-9a38-29d1ab3822d4_s.png",
    "available": true,
    "discount": null
  },
  {
    "shop": "MAXIMA",
    "categories": [
      1,
      1001,
      1001006
    ],
    "productName": "Vermuts RAVASI BIANCO 15% 1L",
    "productPriceOld": null,
    "productPrice": {
      "value": 6.85,
      "unit": "€"
    },
    "productPricePerUnit": {
      "value": 6.85,
      "unit": "€/l"
    },
    "productPriceWithLoyaltyCard": null,
    "productPricePerUnitWithLoyaltyCard": null,
    "imageUrl": "https://cdn.barbora.lv/products/33b03607-86f5-46a9-b8af-1d8d3d9e1331_s.png",
    "available": true,
    "discount": null
  },
  {
    "shop": "MAXIMA",
    "categories": [
      2,
      2001,
      20010015
    ],
    "productName": "Galetes rīsu WELL DONE bez sāls 130g",
    "productPriceOld": null,
    "productPrice": {
      "value": 0.89,
      "unit": "€"
    },
    "productPricePerUnit": {
      "value": 6.85,
      "unit": "€/kg"
    },
    "productPriceWithLoyaltyCard": null,
    "productPricePerUnitWithLoyaltyCard": null,
    "imageUrl": "https://cdn.barbora.lv/products/70631b54-a11a-43c5-b282-8b0783ffa171_s.png",
    "available": true,
    "discount": null
  },
  {
    "shop": "MAXIMA",
    "categories": [
      2,
      2001,
      20010015
    ],
    "productName": "Galetes rīsu WELL DONE ar sāli 130g",
    "productPriceOld": null,
    "productPrice": {
      "value": 0.89,
      "unit": "€"
    },
    "productPricePerUnit": {
      "value": 6.85,
      "unit": "€/kg"
    },
    "productPriceWithLoyaltyCard": null,
    "productPricePerUnitWithLoyaltyCard": null,
    "imageUrl": "https://cdn.barbora.lv/products/40fca0b2-dfec-4d44-b35c-5972c454f422_s.png",
    "available": true,
    "discount": null
  },
  {
    "shop": "RIMI",
    "categories": [
      2,
      2001,
      2001007
    ],
    "productName": "Kliju sausbaranciņas 400g",
    "productPriceOld": null,
    "productPrice": {
      "value": 2.75,
      "unit": "€/gab"
    },
    "productPricePerUnit": {
      "value": 6.87,
      "unit": "€/kg"
    },
    "productPriceWithLoyaltyCard": null,
    "productPricePerUnitWithLoyaltyCard": null,
    "imageUrl": "https://rimibaltic-res.cloudinary.com/image/upload/d_ecommerce:backend-fallback.png/MAT_948758_PCE_LV",
    "available": true,
    "discount": null
  },
  {
    "shop": "CITRO",
    "categories": [
      1,
      1001,
      1001005
    ],
    "productName": "AKL.KOKT.SHAKE CLUB GRANBERRY APPLE 14.5% 0.275L",
    "productPriceOld": null,
    "productPrice": null,
    "productPricePerUnit": {
      "value": 6.87,
      "unit": "€/L"
    },
    "productPriceWithLoyaltyCard": null,
    "productPricePerUnitWithLoyaltyCard": null,
    "imageUrl": "https://rezekne.citro.lv/wp-content/uploads/2023/07/4751019940387-300x300.jpg",
    "available": true,
    "discount": null
  },
  {
    "shop": "MAXIMA",
    "categories": [
      2,
      2001,
      2001007
    ],
    "productName": "Kliju sausbaranciņas 400g",
    "productPriceOld": null,
    "productPrice": {
      "value": 2.75,
      "unit": "€"
    },
    "productPricePerUnit": {
      "value": 6.88,
      "unit": "€/kg"
    },
    "productPriceWithLoyaltyCard": null,
    "productPricePerUnitWithLoyaltyCard": null,
    "imageUrl": "https://cdn.barbora.lv/products/8b9fc792-a42b-47ec-ac41-4cadddaa9966_s.png",
    "available": true,
    "discount": null
  },
  {
    "shop": "MAXIMA",
    "categories": [
      2,
      2001,
      20010015
    ],
    "productName": "Sausbaranciņas BUBLINI ar magonēm375g",
    "productPriceOld": null,
    "productPrice": {
      "value": 2.59,
      "unit": "€"
    },
    "productPricePerUnit": {
      "value": 6.91,
      "unit": "€/kg"
    },
    "productPriceWithLoyaltyCard": null,
    "productPricePerUnitWithLoyaltyCard": null,
    "imageUrl": "https://cdn.barbora.lv/products/b19367a6-709c-401e-a7a2-4a6a52e66732_s.png",
    "available": true,
    "discount": null
  },
  {
    "shop": "MAXIMA",
    "categories": [
      2,
      2001,
      20010015
    ],
    "productName": "Sausbaranciņas BUBLINI 375g",
    "productPriceOld": null,
    "productPrice": {
      "value": 2.59,
      "unit": "€"
    },
    "productPricePerUnit": {
      "value": 6.91,
      "unit": "€/kg"
    },
    "productPriceWithLoyaltyCard": null,
    "productPricePerUnitWithLoyaltyCard": null,
    "imageUrl": "https://cdn.barbora.lv/products/da9401a1-dff0-4998-bfb1-167af226e60e_s.png",
    "available": true,
    "discount": null
  },
  {
    "shop": "RIMI",
    "categories": [
      1,
      1003,
      1003004
    ],
    "productName": "Dz. vīns Cosmopolitan bezalkohol. 0,75l",
    "productPriceOld": null,
    "productPrice": {
      "value": 5.19,
      "unit": "€/gab"
    },
    "productPricePerUnit": {
      "value": 6.92,
      "unit": "€/l"
    },
    "productPriceWithLoyaltyCard": null,
    "productPricePerUnitWithLoyaltyCard": null,
    "imageUrl": "https://rimibaltic-res.cloudinary.com/image/upload/d_ecommerce:backend-fallback.png/MAT_1362962_PCE_LV",
    "available": true,
    "discount": null
  },
  {
    "shop": "MAXIMA",
    "categories": [
      1,
      1002,
      10010021
    ],
    "productName": "Gāz.dzēr.COSMOPOLITAN DIVA b/a 750ml D",
    "productPriceOld": null,
    "productPrice": {
      "value": 5.19,
      "unit": "€"
    },
    "productPricePerUnit": {
      "value": 6.92,
      "unit": "€/l"
    },
    "productPriceWithLoyaltyCard": null,
    "productPricePerUnitWithLoyaltyCard": null,
    "imageUrl": "https://cdn.barbora.lv/products/db436cbf-e9c8-4ea7-b924-4e6277c82b51_s.png",
    "available": true,
    "discount": null
  },
  {
    "shop": "MAXIMA",
    "categories": [
      1,
      1001,
      1001003
    ],
    "productName": "Vīns MAYBACH RIESL. QBA saldais 9% 0,75L",
    "productPriceOld": {
      "value": 9.09,
      "unit": "€"
    },
    "productPrice": {
      "value": 9.09,
      "unit": "€"
    },
    "productPricePerUnit": {
      "value": 12.12,
      "unit": "€/l"
    },
    "productPriceWithLoyaltyCard": {
      "value": 5.19,
      "unit": "€"
    },
    "productPricePerUnitWithLoyaltyCard": {
      "value": 6.92,
      "unit": "€/l"
    },
    "imageUrl": "https://cdn.barbora.lv/products/c9451976-e3af-4823-8d87-5195fe274ae8_s.png",
    "available": true,
    "discount": 43
  },
  {
    "shop": "MAXIMA",
    "categories": [
      1,
      1001,
      1001003
    ],
    "productName": "Vīns MAYBACH RIESL. QBA DRY.11,5% 0,75L",
    "productPriceOld": {
      "value": 9.09,
      "unit": "€"
    },
    "productPrice": {
      "value": 9.09,
      "unit": "€"
    },
    "productPricePerUnit": {
      "value": 12.12,
      "unit": "€/l"
    },
    "productPriceWithLoyaltyCard": {
      "value": 5.19,
      "unit": "€"
    },
    "productPricePerUnitWithLoyaltyCard": {
      "value": 6.92,
      "unit": "€/l"
    },
    "imageUrl": "https://cdn.barbora.lv/products/657461bb-557a-47e5-9eb9-dc4d83a0408c_s.png",
    "available": true,
    "discount": 43
  },
  {
    "shop": "MAXIMA",
    "categories": [
      1,
      1001,
      1001003
    ],
    "productName": "Vīns GRAN CASTILLO VIU.CHARD.11% 0,75L",
    "productPriceOld": {
      "value": 6.97,
      "unit": "€"
    },
    "productPrice": {
      "value": 6.97,
      "unit": "€"
    },
    "productPricePerUnit": {
      "value": 9.29,
      "unit": "€/l"
    },
    "productPriceWithLoyaltyCard": {
      "value": 5.19,
      "unit": "€"
    },
    "productPricePerUnitWithLoyaltyCard": {
      "value": 6.92,
      "unit": "€/l"
    },
    "imageUrl": "https://cdn.barbora.lv/products/ee1702a7-96d4-47b2-ac5b-8468d930ac7e_s.png",
    "available": true,
    "discount": 26
  },
  {
    "shop": "MAXIMA",
    "categories": [
      1,
      1001,
      1001003
    ],
    "productName": "Vīns MAYBACH RIESL.QBA PUSSALD.10% 0,75L",
    "productPriceOld": {
      "value": 9.09,
      "unit": "€"
    },
    "productPrice": {
      "value": 9.09,
      "unit": "€"
    },
    "productPricePerUnit": {
      "value": 12.12,
      "unit": "€/l"
    },
    "productPriceWithLoyaltyCard": {
      "value": 5.19,
      "unit": "€"
    },
    "productPricePerUnitWithLoyaltyCard": {
      "value": 6.92,
      "unit": "€/l"
    },
    "imageUrl": "https://cdn.barbora.lv/products/b7c9b498-2d75-4789-885c-c7f9d93c5626_s.png",
    "available": true,
    "discount": 43
  },
  {
    "shop": "MAXIMA",
    "categories": [
      1,
      1001,
      1001003
    ],
    "productName": "Vīns GRAN CASTILLO FAM.CHARD.13% 0,75L",
    "productPriceOld": {
      "value": 8.82,
      "unit": "€"
    },
    "productPrice": {
      "value": 8.82,
      "unit": "€"
    },
    "productPricePerUnit": {
      "value": 11.76,
      "unit": "€/l"
    },
    "productPriceWithLoyaltyCard": {
      "value": 5.19,
      "unit": "€"
    },
    "productPricePerUnitWithLoyaltyCard": {
      "value": 6.92,
      "unit": "€/l"
    },
    "imageUrl": "https://cdn.barbora.lv/products/95e140c8-67ca-4a2d-aacf-ffd10891eaa0_s.png",
    "available": true,
    "discount": 41
  },
  {
    "shop": "MAXIMA",
    "categories": [
      1,
      1001,
      1001003
    ],
    "productName": "Vīns GATO NEGRO Cab.Sauvignon 13% 0,75L",
    "productPriceOld": {
      "value": 6.46,
      "unit": "€"
    },
    "productPrice": {
      "value": 6.46,
      "unit": "€"
    },
    "productPricePerUnit": {
      "value": 8.61,
      "unit": "€/l"
    },
    "productPriceWithLoyaltyCard": {
      "value": 5.19,
      "unit": "€"
    },
    "productPricePerUnitWithLoyaltyCard": {
      "value": 6.92,
      "unit": "€/l"
    },
    "imageUrl": "https://cdn.barbora.lv/products/8dc95641-f769-4ffc-8a63-7db315e758f3_s.png",
    "available": true,
    "discount": 20
  },
  {
    "shop": "MAXIMA",
    "categories": [
      1,
      1001,
      1001003
    ],
    "productName": "Vīns GATO NEGRO Chardonnay 13% 750ml",
    "productPriceOld": {
      "value": 6.46,
      "unit": "€"
    },
    "productPrice": {
      "value": 6.46,
      "unit": "€"
    },
    "productPricePerUnit": {
      "value": 8.61,
      "unit": "€/l"
    },
    "productPriceWithLoyaltyCard": {
      "value": 5.19,
      "unit": "€"
    },
    "productPricePerUnitWithLoyaltyCard": {
      "value": 6.92,
      "unit": "€/l"
    },
    "imageUrl": "https://cdn.barbora.lv/products/7a9e6c37-e37b-43a0-a36e-5a672ef8f9c5_s.png",
    "available": true,
    "discount": 20
  },
  {
    "shop": "CITRO",
    "categories": [
      2,
      2001,
      20010015
    ],
    "productName": "GALETES DR.NATURE RĪSU AR SEZAMU 75G",
    "productPriceOld": {
      "value": 0.62,
      "unit": "€"
    },
    "productPrice": {
      "value": 0.52,
      "unit": "€"
    },
    "productPricePerUnit": {
      "value": 6.93,
      "unit": "€/KG"
    },
    "productPriceWithLoyaltyCard": null,
    "productPricePerUnitWithLoyaltyCard": null,
    "imageUrl": "https://rezekne.citro.lv/wp-content/uploads/2020/07/4750635000161-300x300.jpg",
    "available": true,
    "discount": 16
  },
  {
    "shop": "RIMI",
    "categories": [
      1,
      1002,
      10010020
    ],
    "productName": "Multivitamīnu sula Hohes C Super Shots 330ml",
    "productPriceOld": null,
    "productPrice": {
      "value": 2.29,
      "unit": "€/gab"
    },
    "productPricePerUnit": {
      "value": 6.94,
      "unit": "€/l"
    },
    "productPriceWithLoyaltyCard": null,
    "productPricePerUnitWithLoyaltyCard": null,
    "imageUrl": "https://rimibaltic-res.cloudinary.com/image/upload/d_ecommerce:backend-fallback.png/MAT_1369737_PCE_LV",
    "available": true,
    "discount": null
  },
  {
    "shop": "RIMI",
    "categories": [
      1,
      1002,
      10010020
    ],
    "productName": "Multiaugļu sula Hohes C Immun 335ml",
    "productPriceOld": null,
    "productPrice": {
      "value": 2.29,
      "unit": "€/gab"
    },
    "productPricePerUnit": {
      "value": 6.94,
      "unit": "€/l"
    },
    "productPriceWithLoyaltyCard": null,
    "productPricePerUnitWithLoyaltyCard": null,
    "imageUrl": "https://rimibaltic-res.cloudinary.com/image/upload/d_ecommerce:backend-fallback.png/MAT_1369736_PCE_LV",
    "available": true,
    "discount": null
  },
  {
    "shop": "RIMI",
    "categories": [
      1,
      1002,
      10010027
    ],
    "productName": "Dzēriens Hohes C Super shots 330ml",
    "productPriceOld": null,
    "productPrice": {
      "value": 2.29,
      "unit": "€/gab"
    },
    "productPricePerUnit": {
      "value": 6.94,
      "unit": "€/l"
    },
    "productPriceWithLoyaltyCard": null,
    "productPricePerUnitWithLoyaltyCard": null,
    "imageUrl": "https://rimibaltic-res.cloudinary.com/image/upload/d_ecommerce:backend-fallback.png/MAT_1373752_PCE_LV",
    "available": true,
    "discount": null
  },
  {
    "shop": "RIMI",
    "categories": [
      1,
      1003,
      1003003
    ],
    "productName": "Bezalkoh. dzirkst. vīna dzēriens Torley 0,2l",
    "productPriceOld": null,
    "productPrice": {
      "value": 2.15,
      "unit": "€/gab"
    },
    "productPricePerUnit": {
      "value": 10.75,
      "unit": "€/l"
    },
    "productPriceWithLoyaltyCard": {
      "value": 1.39,
      "unit": "€"
    },
    "productPricePerUnitWithLoyaltyCard": {
      "value": 6.95,
      "unit": "€/l"
    },
    "imageUrl": "https://rimibaltic-res.cloudinary.com/image/upload/d_ecommerce:backend-fallback.png/MAT_7201423_PCE_LV",
    "available": true,
    "discount": 35
  },
  {
    "shop": "RIMI",
    "categories": [
      2,
      2007
    ],
    "productName": "Kēkss ar rozīnēm 400g",
    "productPriceOld": null,
    "productPrice": {
      "value": 2.79,
      "unit": "€/gab"
    },
    "productPricePerUnit": {
      "value": 6.97,
      "unit": "€/kg"
    },
    "productPriceWithLoyaltyCard": null,
    "productPricePerUnitWithLoyaltyCard": null,
    "imageUrl": "https://rimibaltic-res.cloudinary.com/image/upload/d_ecommerce:backend-fallback.png/MAT_112028_PCE_LV",
    "available": true,
    "discount": null
  },
  {
    "shop": "RIMI",
    "categories": [
      1,
      1001,
      1001003
    ],
    "productName": "S.v. dzēriens Don Simon Sangria 7% 1,5l",
    "productPriceOld": null,
    "productPrice": {
      "value": 10.45,
      "unit": "€/gab"
    },
    "productPricePerUnit": {
      "value": 6.97,
      "unit": "€/l"
    },
    "productPriceWithLoyaltyCard": null,
    "productPricePerUnitWithLoyaltyCard": null,
    "imageUrl": "https://rimibaltic-res.cloudinary.com/image/upload/d_ecommerce:backend-fallback.png/MAT_156607_PCE_LV",
    "available": true,
    "discount": null
  },
  {
    "shop": "RIMI",
    "categories": [
      1,
      1002,
      10010027
    ],
    "productName": "Dzēriens Prime Blue Raspberry 500ml",
    "productPriceOld": null,
    "productPrice": {
      "value": 3.49,
      "unit": "€/gab"
    },
    "productPricePerUnit": {
      "value": 6.98,
      "unit": "€/l"
    },
    "productPriceWithLoyaltyCard": null,
    "productPricePerUnitWithLoyaltyCard": null,
    "imageUrl": "https://rimibaltic-res.cloudinary.com/image/upload/d_ecommerce:backend-fallback.png/MAT_1374063_PCE_LV",
    "available": true,
    "discount": null
  },
  {
    "shop": "MAXIMA",
    "categories": [
      1,
      1002,
      10010021
    ],
    "productName": "Gāz.dz.GARDU MUTI Rab. zelteris 0,7L D",
    "productPriceOld": null,
    "productPrice": {
      "value": 4.89,
      "unit": "€"
    },
    "productPricePerUnit": {
      "value": 6.99,
      "unit": "€/l"
    },
    "productPriceWithLoyaltyCard": null,
    "productPricePerUnitWithLoyaltyCard": null,
    "imageUrl": "https://cdn.barbora.lv/products/72b8d2b2-f0f1-41fd-8fe8-03c10ebfa3db_s.png",
    "available": true,
    "discount": null
  },
  {
    "shop": "MAXIMA",
    "categories": [
      1,
      1001,
      1001003
    ],
    "productName": "Vīna dz. El CURADOR SANGRIA 7% 1,5L",
    "productPriceOld": null,
    "productPrice": {
      "value": 10.49,
      "unit": "€"
    },
    "productPricePerUnit": {
      "value": 6.99,
      "unit": "€/l"
    },
    "productPriceWithLoyaltyCard": null,
    "productPricePerUnitWithLoyaltyCard": null,
    "imageUrl": "https://cdn.barbora.lv/products/0596482d-3266-4294-aae2-79ee0c33e6dd_s.png",
    "available": true,
    "discount": null
  },
  {
    "shop": "MAXIMA",
    "categories": [
      2,
      2001,
      2001008,
      2001001
    ],
    "productName": "Pilngraudu burgera Maiziņš 240g",
    "productPriceOld": null,
    "productPrice": {
      "value": 1.69,
      "unit": "€"
    },
    "productPricePerUnit": {
      "value": 7.04,
      "unit": "€/kg"
    },
    "productPriceWithLoyaltyCard": null,
    "productPricePerUnitWithLoyaltyCard": null,
    "imageUrl": "https://cdn.barbora.lv/products/7339e204-8722-4d6c-89a6-4a7fb38d291f_s.png",
    "available": true,
    "discount": null
  },
  {
    "shop": "MAXIMA",
    "categories": [
      2,
      2001,
      2001009
    ],
    "productName": "Burgeru maizītes Maiziņš 240g",
    "productPriceOld": null,
    "productPrice": {
      "value": 1.69,
      "unit": "€"
    },
    "productPricePerUnit": {
      "value": 7.04,
      "unit": "€/kg"
    },
    "productPriceWithLoyaltyCard": null,
    "productPricePerUnitWithLoyaltyCard": null,
    "imageUrl": "https://cdn.barbora.lv/products/15f519ff-2f19-46b4-aee6-4b7c55ebbe21_s.png",
    "available": true,
    "discount": null
  },
  {
    "shop": "RIMI",
    "categories": [
      1,
      1001,
      1001003
    ],
    "productName": "S.v. J.P. Chenet Moelleux 13% 0,75l",
    "productPriceOld": null,
    "productPrice": {
      "value": 8.25,
      "unit": "€/gab"
    },
    "productPricePerUnit": {
      "value": 11,
      "unit": "€/l"
    },
    "productPriceWithLoyaltyCard": {
      "value": 5.29,
      "unit": "€"
    },
    "productPricePerUnitWithLoyaltyCard": {
      "value": 7.05,
      "unit": "€/l"
    },
    "imageUrl": "https://rimibaltic-res.cloudinary.com/image/upload/d_ecommerce:backend-fallback.png/MAT_110985_PCE_LV",
    "available": true,
    "discount": 36
  },
  {
    "shop": "RIMI",
    "categories": [
      1,
      1001,
      1001003
    ],
    "productName": "R.v. Jp.Chenet Moelleux Bl. 11,5% 0,75l",
    "productPriceOld": null,
    "productPrice": {
      "value": 8.25,
      "unit": "€/gab"
    },
    "productPricePerUnit": {
      "value": 11,
      "unit": "€/l"
    },
    "productPriceWithLoyaltyCard": {
      "value": 5.29,
      "unit": "€"
    },
    "productPricePerUnitWithLoyaltyCard": {
      "value": 7.05,
      "unit": "€/l"
    },
    "imageUrl": "https://rimibaltic-res.cloudinary.com/image/upload/d_ecommerce:backend-fallback.png/MAT_671143_PCE_LV",
    "available": true,
    "discount": 36
  },
  {
    "shop": "RIMI",
    "categories": [
      1,
      1001,
      1001003
    ],
    "productName": "B.v. J.P.Chenet Moelleux 12% 0,75l",
    "productPriceOld": null,
    "productPrice": {
      "value": 8.25,
      "unit": "€/gab"
    },
    "productPricePerUnit": {
      "value": 11,
      "unit": "€/l"
    },
    "productPriceWithLoyaltyCard": {
      "value": 5.29,
      "unit": "€"
    },
    "productPricePerUnitWithLoyaltyCard": {
      "value": 7.05,
      "unit": "€/l"
    },
    "imageUrl": "https://rimibaltic-res.cloudinary.com/image/upload/d_ecommerce:backend-fallback.png/MAT_101482_PCE_LV",
    "available": true,
    "discount": 36
  },
  {
    "shop": "RIMI",
    "categories": [
      1,
      1001,
      10010019
    ],
    "productName": "Vīnu saturošs dzēriens Sangria 7% 1,5l",
    "productPriceOld": null,
    "productPrice": {
      "value": 10.59,
      "unit": "€/gab"
    },
    "productPricePerUnit": {
      "value": 7.06,
      "unit": "€/l"
    },
    "productPriceWithLoyaltyCard": null,
    "productPricePerUnitWithLoyaltyCard": null,
    "imageUrl": "https://rimibaltic-res.cloudinary.com/image/upload/d_ecommerce:backend-fallback.png/MAT_101665_PCE_LV",
    "available": true,
    "discount": null
  },
  {
    "shop": "MAXIMA",
    "categories": [
      1,
      1001,
      1001003
    ],
    "productName": "Vīns TORRE ORIA RESERVA 13% 0,75L",
    "productPriceOld": {
      "value": 8.69,
      "unit": "€"
    },
    "productPrice": {
      "value": 8.69,
      "unit": "€"
    },
    "productPricePerUnit": {
      "value": 11.59,
      "unit": "€/l"
    },
    "productPriceWithLoyaltyCard": {
      "value": 5.29,
      "unit": "€"
    },
    "productPricePerUnitWithLoyaltyCard": {
      "value": 7.06,
      "unit": "€/l"
    },
    "imageUrl": "https://cdn.barbora.lv/products/f3fc792a-7f9f-4439-b316-fb816fa43bf8_s.png",
    "available": true,
    "discount": 39
  },
  {
    "shop": "MAXIMA",
    "categories": [
      1,
      1001,
      1001003
    ],
    "productName": "Vīns ČORNIJ DOKTOR sark.12,5% 0,75L",
    "productPriceOld": {
      "value": 7.55,
      "unit": "€"
    },
    "productPrice": {
      "value": 7.55,
      "unit": "€"
    },
    "productPricePerUnit": {
      "value": 10.07,
      "unit": "€/l"
    },
    "productPriceWithLoyaltyCard": {
      "value": 5.29,
      "unit": "€"
    },
    "productPricePerUnitWithLoyaltyCard": {
      "value": 7.06,
      "unit": "€/l"
    },
    "imageUrl": "https://cdn.barbora.lv/products/b314739a-55c5-4a9d-b2bf-fc26bb98f342_s.png",
    "available": true,
    "discount": 30
  },
  {
    "shop": "RIMI",
    "categories": [
      1,
      1001,
      1001005
    ],
    "productName": "Alk. kokt. Garage Lingonberry 4,6% 0,275l",
    "productPriceOld": null,
    "productPrice": {
      "value": 1.95,
      "unit": "€/gab"
    },
    "productPricePerUnit": {
      "value": 7.09,
      "unit": "€/l"
    },
    "productPriceWithLoyaltyCard": null,
    "productPricePerUnitWithLoyaltyCard": null,
    "imageUrl": "https://rimibaltic-res.cloudinary.com/image/upload/d_ecommerce:backend-fallback.png/MAT_7248032_PCE_LV",
    "available": true,
    "discount": null
  },
  {
    "shop": "RIMI",
    "categories": [
      1,
      1001,
      1001005
    ],
    "productName": "Alk. kokt. Garage California Pear 4,6% 0,275l",
    "productPriceOld": null,
    "productPrice": {
      "value": 1.95,
      "unit": "€/gab"
    },
    "productPricePerUnit": {
      "value": 7.09,
      "unit": "€/l"
    },
    "productPriceWithLoyaltyCard": null,
    "productPricePerUnitWithLoyaltyCard": null,
    "imageUrl": "https://rimibaltic-res.cloudinary.com/image/upload/d_ecommerce:backend-fallback.png/MAT_7248033_PCE_LV",
    "available": true,
    "discount": null
  },
  {
    "shop": "RIMI",
    "categories": [
      1,
      1001,
      1001005
    ],
    "productName": "Alkoholisks kokt. Garage Hard Lemon 4% 0,275l",
    "productPriceOld": null,
    "productPrice": {
      "value": 1.95,
      "unit": "€/gab"
    },
    "productPricePerUnit": {
      "value": 7.09,
      "unit": "€/l"
    },
    "productPriceWithLoyaltyCard": null,
    "productPricePerUnitWithLoyaltyCard": null,
    "imageUrl": "https://rimibaltic-res.cloudinary.com/image/upload/d_ecommerce:backend-fallback.png/MAT_7147420_PCE_LV",
    "available": true,
    "discount": null
  },
  {
    "shop": "MAXIMA",
    "categories": [
      1,
      1001,
      1001005
    ],
    "productName": "Alkoholsiakis kokteilis GARAGE HARD LINGONBERRY 4,6% 0,275LD",
    "productPriceOld": null,
    "productPrice": {
      "value": 1.95,
      "unit": "€"
    },
    "productPricePerUnit": {
      "value": 7.09,
      "unit": "€/l"
    },
    "productPriceWithLoyaltyCard": null,
    "productPricePerUnitWithLoyaltyCard": null,
    "imageUrl": "https://cdn.barbora.lv/products/0b4a207f-bad6-4212-9e17-3d28c1b53d8d_s.png",
    "available": true,
    "discount": null
  },
  {
    "shop": "MAXIMA",
    "categories": [
      1,
      1002,
      10010026
    ],
    "productName": "Maizīte ar šķiņķi 55g",
    "productPriceOld": {
      "value": 0.59,
      "unit": "€"
    },
    "productPrice": {
      "value": 0.39,
      "unit": "€"
    },
    "productPricePerUnit": {
      "value": 7.09,
      "unit": "€/kg"
    },
    "productPriceWithLoyaltyCard": null,
    "productPricePerUnitWithLoyaltyCard": null,
    "imageUrl": "https://cdn.barbora.lv/products/3653cbb0-78a2-41a8-984f-47500e1cdc57_s.png",
    "available": true,
    "discount": 34
  },
  {
    "shop": "RIMI",
    "categories": [
      2,
      2001,
      20010015
    ],
    "productName": "Lavašs Oz Durum Turcijas 25cm 421g",
    "productPriceOld": null,
    "productPrice": {
      "value": 2.99,
      "unit": "€/gab"
    },
    "productPricePerUnit": {
      "value": 7.1,
      "unit": "€/kg"
    },
    "productPriceWithLoyaltyCard": null,
    "productPricePerUnitWithLoyaltyCard": null,
    "imageUrl": "https://rimibaltic-res.cloudinary.com/image/upload/d_ecommerce:backend-fallback.png/MAT_285993_PCE_LV",
    "available": true,
    "discount": null
  },
  {
    "shop": "CITRO",
    "categories": [
      1,
      1001,
      1001005
    ],
    "productName": "ALK.KOKT. CĒSU DZĒRVENĪTE 14% 0.28L PET",
    "productPriceOld": null,
    "productPrice": null,
    "productPricePerUnit": {
      "value": 7.11,
      "unit": "€/L"
    },
    "productPriceWithLoyaltyCard": null,
    "productPricePerUnitWithLoyaltyCard": null,
    "imageUrl": "https://rezekne.citro.lv/wp-content/uploads/2023/03/4750142006588-300x300.jpg",
    "available": true,
    "discount": null
  },
  {
    "shop": "CITRO",
    "categories": [
      1,
      1001,
      1001001
    ],
    "productName": "ALK.KOKT. G&GRAPEFRUT 14% 0.28L CĒSU ALUS",
    "productPriceOld": null,
    "productPrice": null,
    "productPricePerUnit": {
      "value": 7.11,
      "unit": "€/L"
    },
    "productPriceWithLoyaltyCard": null,
    "productPricePerUnitWithLoyaltyCard": null,
    "imageUrl": "https://rezekne.citro.lv/wp-content/uploads/2023/03/4750142006601-300x300.jpg",
    "available": true,
    "discount": null
  },
  {
    "shop": "CITRO",
    "categories": [
      1,
      1001,
      1001005
    ],
    "productName": "ALK.KOKT. CĒSU BLACKCURRANTO 14% 0.28L PET",
    "productPriceOld": null,
    "productPrice": null,
    "productPricePerUnit": {
      "value": 7.11,
      "unit": "€/L"
    },
    "productPriceWithLoyaltyCard": null,
    "productPricePerUnitWithLoyaltyCard": null,
    "imageUrl": "https://rezekne.citro.lv/wp-content/uploads/2023/03/4750142006632-300x300.jpg",
    "available": true,
    "discount": null
  },
  {
    "shop": "CITRO",
    "categories": [
      1,
      1001,
      1001001
    ],
    "productName": "ALK.KOKT. FRANČU PĪLĀDZIS 14% 0.28L CĒSU ALUS",
    "productPriceOld": null,
    "productPrice": null,
    "productPricePerUnit": {
      "value": 7.11,
      "unit": "€/L"
    },
    "productPriceWithLoyaltyCard": null,
    "productPricePerUnitWithLoyaltyCard": null,
    "imageUrl": "https://rezekne.citro.lv/wp-content/uploads/2023/03/4750142006595-300x300.jpg",
    "available": true,
    "discount": null
  },
  {
    "shop": "RIMI",
    "categories": [
      1,
      1001,
      1001001
    ],
    "productName": "Alus Peroni Nastro Azzurro 5,1% 0,33l",
    "productPriceOld": null,
    "productPrice": {
      "value": 2.35,
      "unit": "€/gab"
    },
    "productPricePerUnit": {
      "value": 7.12,
      "unit": "€/l"
    },
    "productPriceWithLoyaltyCard": null,
    "productPricePerUnitWithLoyaltyCard": null,
    "imageUrl": "https://rimibaltic-res.cloudinary.com/image/upload/d_ecommerce:backend-fallback.png/MAT_1352452_PCE_LV",
    "available": true,
    "discount": null
  },
  {
    "shop": "MAXIMA",
    "categories": [
      1,
      1001,
      1001004
    ],
    "productName": "V.dz.COSMOPOLITAN DIVA Berry 5,5%0,75L D",
    "productPriceOld": null,
    "productPrice": {
      "value": 5.35,
      "unit": "€"
    },
    "productPricePerUnit": {
      "value": 7.13,
      "unit": "€/l"
    },
    "productPriceWithLoyaltyCard": null,
    "productPricePerUnitWithLoyaltyCard": null,
    "imageUrl": "https://cdn.barbora.lv/products/925605e2-32b5-4ae4-aa15-72ab88f2b75f_s.png",
    "available": true,
    "discount": null
  },
  {
    "shop": "MAXIMA",
    "categories": [
      1,
      1001,
      1001004
    ],
    "productName": "V.dz.COSMOPOLITAN DIVA Melon 5,5%0,75L D",
    "productPriceOld": null,
    "productPrice": {
      "value": 5.35,
      "unit": "€"
    },
    "productPricePerUnit": {
      "value": 7.13,
      "unit": "€/l"
    },
    "productPriceWithLoyaltyCard": null,
    "productPricePerUnitWithLoyaltyCard": null,
    "imageUrl": "https://cdn.barbora.lv/products/208b5423-bb9d-430e-902f-771c78069d79_s.png",
    "available": true,
    "discount": null
  },
  {
    "shop": "MAXIMA",
    "categories": [
      1,
      1001,
      1001003
    ],
    "productName": "Vīna dz. COSMOPOLITAN DIVA 5,5% 0,75L D",
    "productPriceOld": null,
    "productPrice": {
      "value": 5.35,
      "unit": "€"
    },
    "productPricePerUnit": {
      "value": 7.13,
      "unit": "€/l"
    },
    "productPriceWithLoyaltyCard": null,
    "productPricePerUnitWithLoyaltyCard": null,
    "imageUrl": "https://cdn.barbora.lv/products/8ff2dbc0-8934-44bf-8569-232175613da7_s.png",
    "available": true,
    "discount": null
  },
  {
    "shop": "RIMI",
    "categories": [
      1,
      1003,
      1003005
    ],
    "productName": "Bezalk. dzēriens Fever Tree Tonic Water 0,5l",
    "productPriceOld": null,
    "productPrice": {
      "value": 3.59,
      "unit": "€/gab"
    },
    "productPricePerUnit": {
      "value": 7.18,
      "unit": "€/l"
    },
    "productPriceWithLoyaltyCard": null,
    "productPricePerUnitWithLoyaltyCard": null,
    "imageUrl": "https://rimibaltic-res.cloudinary.com/image/upload/d_ecommerce:backend-fallback.png/MAT_1365583_PCE_LV",
    "available": true,
    "discount": null
  },
  {
    "shop": "RIMI",
    "categories": [
      1,
      1003,
      1003005
    ],
    "productName": "Bezalk. dzēriens Fever Tree Ginger Ale 0,5l",
    "productPriceOld": null,
    "productPrice": {
      "value": 3.59,
      "unit": "€/gab"
    },
    "productPricePerUnit": {
      "value": 7.18,
      "unit": "€/l"
    },
    "productPriceWithLoyaltyCard": null,
    "productPricePerUnitWithLoyaltyCard": null,
    "imageUrl": "https://rimibaltic-res.cloudinary.com/image/upload/d_ecommerce:backend-fallback.png/MAT_1365600_PCE_LV",
    "available": true,
    "discount": null
  },
  {
    "shop": "RIMI",
    "categories": [
      1,
      1001,
      1001002
    ],
    "productName": "Sidrs Brothers Marshmallow 4% 0,5l",
    "productPriceOld": null,
    "productPrice": {
      "value": 3.59,
      "unit": "€/gab"
    },
    "productPricePerUnit": {
      "value": 7.18,
      "unit": "€/l"
    },
    "productPriceWithLoyaltyCard": null,
    "productPricePerUnitWithLoyaltyCard": null,
    "imageUrl": "https://rimibaltic-res.cloudinary.com/image/upload/d_ecommerce:backend-fallback.png/MAT_1367717_PCE_LV",
    "available": true,
    "discount": null
  },
  {
    "shop": "MAXIMA",
    "categories": [
      1,
      1002,
      10010021
    ],
    "productName": "Gāz.dzēr. FEVER TREE Ginger Ale 0,5L D",
    "productPriceOld": null,
    "productPrice": {
      "value": 3.59,
      "unit": "€"
    },
    "productPricePerUnit": {
      "value": 7.18,
      "unit": "€/l"
    },
    "productPriceWithLoyaltyCard": null,
    "productPricePerUnitWithLoyaltyCard": null,
    "imageUrl": "https://cdn.barbora.lv/products/f27ef31b-9827-442a-aa2b-28d223492c41_s.png",
    "available": true,
    "discount": null
  },
  {
    "shop": "MAXIMA",
    "categories": [
      1,
      1001,
      1001002
    ],
    "productName": "Sidrs BROTHERS īrisa ābolu 4% 0,5L D",
    "productPriceOld": null,
    "productPrice": {
      "value": 3.59,
      "unit": "€"
    },
    "productPricePerUnit": {
      "value": 7.18,
      "unit": "€/l"
    },
    "productPriceWithLoyaltyCard": null,
    "productPricePerUnitWithLoyaltyCard": null,
    "imageUrl": "https://cdn.barbora.lv/products/8e46aa3b-b9c8-4103-ae94-e95bfa9ff86a_s.png",
    "available": true,
    "discount": null
  },
  {
    "shop": "MAXIMA",
    "categories": [
      1,
      1001,
      1001002
    ],
    "productName": "Sidrs APPLE GARDEN Rhubarb 6% 0,75L D",
    "productPriceOld": null,
    "productPrice": {
      "value": 5.39,
      "unit": "€"
    },
    "productPricePerUnit": {
      "value": 7.19,
      "unit": "€/l"
    },
    "productPriceWithLoyaltyCard": null,
    "productPricePerUnitWithLoyaltyCard": null,
    "imageUrl": "https://cdn.barbora.lv/products/f4f8400e-2f86-424f-804c-10ed5cac979a_s.png",
    "available": true,
    "discount": null
  },
  {
    "shop": "MAXIMA",
    "categories": [
      1,
      1001,
      1001002
    ],
    "productName": "Sidrs APPLE GARDEN 6% 0,75L D",
    "productPriceOld": null,
    "productPrice": {
      "value": 5.39,
      "unit": "€"
    },
    "productPricePerUnit": {
      "value": 7.19,
      "unit": "€/l"
    },
    "productPriceWithLoyaltyCard": null,
    "productPricePerUnitWithLoyaltyCard": null,
    "imageUrl": "https://cdn.barbora.lv/products/f5cbf1c0-942c-4156-bd4b-6cc4141fd2d4_s.png",
    "available": true,
    "discount": null
  },
  {
    "shop": "MAXIMA",
    "categories": [
      1,
      1001,
      1001003
    ],
    "productName": "Dzirkstošais vīns SVETSKOJE Polusladkoje 8% 0,75L D",
    "productPriceOld": null,
    "productPrice": {
      "value": 5.39,
      "unit": "€"
    },
    "productPricePerUnit": {
      "value": 7.19,
      "unit": "€/l"
    },
    "productPriceWithLoyaltyCard": null,
    "productPricePerUnitWithLoyaltyCard": null,
    "imageUrl": "https://cdn.barbora.lv/products/6fbea5cc-bedd-4fc6-8f43-3609934984e8_s.png",
    "available": true,
    "discount": null
  },
  {
    "shop": "CITRO",
    "categories": [
      1,
      1001,
      1001004
    ],
    "productName": "DZ.VĪNS ELEGANT SWEET 10% 0.75L",
    "productPriceOld": null,
    "productPrice": null,
    "productPricePerUnit": {
      "value": 7.19,
      "unit": "€/L"
    },
    "productPriceWithLoyaltyCard": null,
    "productPricePerUnitWithLoyaltyCard": null,
    "imageUrl": "https://rezekne.citro.lv/wp-content/uploads/2021/02/4770595231214-300x300.jpg",
    "available": true,
    "discount": null
  },
  {
    "shop": "CITRO",
    "categories": [
      1,
      1001,
      1001004
    ],
    "productName": "DZ.VĪNS ELEGANT SEMI SWEET 10% 0.75L",
    "productPriceOld": null,
    "productPrice": null,
    "productPricePerUnit": {
      "value": 7.19,
      "unit": "€/L"
    },
    "productPriceWithLoyaltyCard": null,
    "productPricePerUnitWithLoyaltyCard": null,
    "imageUrl": "https://rezekne.citro.lv/wp-content/uploads/2021/02/4770595231207-300x300.jpg",
    "available": true,
    "discount": null
  },
  {
    "shop": "CITRO",
    "categories": [
      1,
      1001,
      1001003
    ],
    "productName": "VĪNS S. KAGOR RUBINIU 12% 0.75L",
    "productPriceOld": {
      "value": 5.99,
      "unit": "€"
    },
    "productPrice": {
      "value": 5.39,
      "unit": "€"
    },
    "productPricePerUnit": {
      "value": 7.19,
      "unit": "€/L"
    },
    "productPriceWithLoyaltyCard": null,
    "productPricePerUnitWithLoyaltyCard": null,
    "imageUrl": "https://rezekne.citro.lv/wp-content/uploads/2021/04/4840342009486-300x300.jpg",
    "available": true,
    "discount": 10
  },
  {
    "shop": "MAXIMA",
    "categories": [
      1,
      1001,
      1001001
    ],
    "productName": "Alus GUINNESS 4,2% 0,44L sk.D",
    "productPriceOld": null,
    "productPrice": {
      "value": 3.17,
      "unit": "€"
    },
    "productPricePerUnit": {
      "value": 7.2,
      "unit": "€/l"
    },
    "productPriceWithLoyaltyCard": null,
    "productPricePerUnitWithLoyaltyCard": null,
    "imageUrl": "https://cdn.barbora.lv/products/a7e98a75-0d87-47c4-8ff0-4d682da2a9d6_s.png",
    "available": true,
    "discount": null
  },
  {
    "shop": "MAXIMA",
    "categories": [
      1,
      1001,
      1001003
    ],
    "productName": "Vīns TABISO Shiraz 13,5% BIB 3L",
    "productPriceOld": null,
    "productPrice": {
      "value": 21.59,
      "unit": "€"
    },
    "productPricePerUnit": {
      "value": 7.2,
      "unit": "€/l"
    },
    "productPriceWithLoyaltyCard": null,
    "productPricePerUnitWithLoyaltyCard": null,
    "imageUrl": "https://cdn.barbora.lv/products/c443d04e-8156-44bf-8357-33eb6f378b80_s.png",
    "available": true,
    "discount": null
  },
  {
    "shop": "MAXIMA",
    "categories": [
      2,
      2001,
      20010015
    ],
    "productName": "Lielo vanilīna sausbaranc. virtene 300g",
    "productPriceOld": null,
    "productPrice": {
      "value": 2.16,
      "unit": "€"
    },
    "productPricePerUnit": {
      "value": 7.2,
      "unit": "€/kg"
    },
    "productPriceWithLoyaltyCard": null,
    "productPricePerUnitWithLoyaltyCard": null,
    "imageUrl": "https://cdn.barbora.lv/products/d309f811-550c-4eba-b032-7327b6f222d1_s.png",
    "available": true,
    "discount": null
  },
  {
    "shop": "RIMI",
    "categories": [
      2,
      2007
    ],
    "productName": "Kēkss Flora ar rozīnēm 400g",
    "productPriceOld": {
      "value": 3.29,
      "unit": "€"
    },
    "productPrice": {
      "value": 2.89,
      "unit": "€/gab"
    },
    "productPricePerUnit": {
      "value": 7.22,
      "unit": "€/kg"
    },
    "productPriceWithLoyaltyCard": null,
    "productPricePerUnitWithLoyaltyCard": null,
    "imageUrl": "https://rimibaltic-res.cloudinary.com/image/upload/d_ecommerce:backend-fallback.png/MAT_208835_PCE_LV",
    "available": true,
    "discount": 12
  },
  {
    "shop": "RIMI",
    "categories": [
      2,
      2001,
      20010015
    ],
    "productName": "Sausbaranciņas Rimi mini ar van. garšu 220g",
    "productPriceOld": null,
    "productPrice": {
      "value": 1.59,
      "unit": "€/gab"
    },
    "productPricePerUnit": {
      "value": 7.23,
      "unit": "€/kg"
    },
    "productPriceWithLoyaltyCard": null,
    "productPricePerUnitWithLoyaltyCard": null,
    "imageUrl": "https://rimibaltic-res.cloudinary.com/image/upload/d_ecommerce:backend-fallback.png/MAT_808547_PCE_LV",
    "available": true,
    "discount": null
  },
  {
    "shop": "MAXIMA",
    "categories": [
      2,
      2001,
      2001004
    ],
    "productName": "Rīvmaize Lāči Īsta rudzu 400g",
    "productPriceOld": null,
    "productPrice": {
      "value": 2.89,
      "unit": "€"
    },
    "productPricePerUnit": {
      "value": 7.23,
      "unit": "€/kg"
    },
    "productPriceWithLoyaltyCard": null,
    "productPricePerUnitWithLoyaltyCard": null,
    "imageUrl": "https://cdn.barbora.lv/products/3b9c078f-7082-4ab3-a809-abd069b8d331_s.png",
    "available": true,
    "discount": null
  },
  {
    "shop": "RIMI",
    "categories": [
      1,
      1003,
      1003002
    ],
    "productName": "Sidrs Kokmuižas Jaunā strāva bezalk. 0,33L",
    "productPriceOld": null,
    "productPrice": {
      "value": 2.39,
      "unit": "€/gab"
    },
    "productPricePerUnit": {
      "value": 7.24,
      "unit": "€/l"
    },
    "productPriceWithLoyaltyCard": null,
    "productPricePerUnitWithLoyaltyCard": null,
    "imageUrl": "https://rimibaltic-res.cloudinary.com/image/upload/d_ecommerce:backend-fallback.png/MAT_1372172_PCE_LV",
    "available": true,
    "discount": null
  },
  {
    "shop": "CITRO",
    "categories": [
      1,
      1001,
      1001005
    ],
    "productName": "ALK.KOKT. LB ĶIRSIS 14.5% 0.275L",
    "productPriceOld": null,
    "productPrice": null,
    "productPricePerUnit": {
      "value": 7.24,
      "unit": "€/L"
    },
    "productPriceWithLoyaltyCard": null,
    "productPricePerUnitWithLoyaltyCard": null,
    "imageUrl": "https://rezekne.citro.lv/wp-content/uploads/2023/07/4750021011917-300x300.jpg",
    "available": true,
    "discount": null
  },
  {
    "shop": "CITRO",
    "categories": [
      1,
      1001,
      1001005
    ],
    "productName": "ALK.KOKT. LB ĶIRSIS 14.5% 0.275L",
    "productPriceOld": null,
    "productPrice": null,
    "productPricePerUnit": {
      "value": 7.24,
      "unit": "€/L"
    },
    "productPriceWithLoyaltyCard": null,
    "productPricePerUnitWithLoyaltyCard": null,
    "imageUrl": "https://rezekne.citro.lv/wp-content/uploads/2023/07/4750021011917-300x300.jpg",
    "available": true,
    "discount": null
  },
  {
    "shop": "CITRO",
    "categories": [
      1,
      1001,
      1001005
    ],
    "productName": "ALK.KOKT.LB KOKTEILIS ROKS KOLA 14.5% 0.275L",
    "productPriceOld": null,
    "productPrice": null,
    "productPricePerUnit": {
      "value": 7.24,
      "unit": "€/L"
    },
    "productPriceWithLoyaltyCard": null,
    "productPricePerUnitWithLoyaltyCard": null,
    "imageUrl": "https://rezekne.citro.lv/wp-content/uploads/2023/03/4750021011948-300x300.jpg",
    "available": true,
    "discount": null
  },
  {
    "shop": "CITRO",
    "categories": [
      1,
      1001,
      1001005
    ],
    "productName": "ALK.KOKT.LB KOKTEILIS DŽIMS TONIKS GREIPFRŪTS 14.5% 0.275L",
    "productPriceOld": null,
    "productPrice": null,
    "productPricePerUnit": {
      "value": 7.24,
      "unit": "€/L"
    },
    "productPriceWithLoyaltyCard": null,
    "productPricePerUnitWithLoyaltyCard": null,
    "imageUrl": "https://rezekne.citro.lv/wp-content/uploads/2023/04/4750021011894-300x300.jpg",
    "available": true,
    "discount": null
  },
  {
    "shop": "CITRO",
    "categories": [
      1,
      1001,
      1001005
    ],
    "productName": "ALK. KOKT. LB UPENE 14.5% 0.275L",
    "productPriceOld": null,
    "productPrice": null,
    "productPricePerUnit": {
      "value": 7.24,
      "unit": "€/L"
    },
    "productPriceWithLoyaltyCard": null,
    "productPricePerUnitWithLoyaltyCard": null,
    "imageUrl": "https://rezekne.citro.lv/wp-content/uploads/2023/11/4750021012891-300x300.jpg",
    "available": true,
    "discount": null
  },
  {
    "shop": "CITRO",
    "categories": [
      1,
      1001,
      1001001
    ],
    "productName": "ALUS KOKT. GARAGE HARDCORE CHERRY 6% 0.275L STIKLS",
    "productPriceOld": null,
    "productPrice": null,
    "productPricePerUnit": {
      "value": 7.24,
      "unit": "€/L"
    },
    "productPriceWithLoyaltyCard": null,
    "productPricePerUnitWithLoyaltyCard": null,
    "imageUrl": "https://rezekne.citro.lv/wp-content/uploads/2023/03/4750049003178-300x300.jpg",
    "available": true,
    "discount": null
  },
  {
    "shop": "CITRO",
    "categories": [
      1,
      1001,
      1001001
    ],
    "productName": "ALUS KOKT. GARAGE HARDCORE GRAPEFRUIT 6% 0.275L STIKLS",
    "productPriceOld": null,
    "productPrice": null,
    "productPricePerUnit": {
      "value": 7.24,
      "unit": "€/L"
    },
    "productPriceWithLoyaltyCard": null,
    "productPricePerUnitWithLoyaltyCard": null,
    "imageUrl": "https://rezekne.citro.lv/wp-content/uploads/2023/03/4750049003185-300x300.jpg",
    "available": true,
    "discount": null
  },
  {
    "shop": "MAXIMA",
    "categories": [
      2,
      2001,
      20010015
    ],
    "productName": "Sausbaranciņas ABELIA 200g",
    "productPriceOld": null,
    "productPrice": {
      "value": 1.45,
      "unit": "€"
    },
    "productPricePerUnit": {
      "value": 7.25,
      "unit": "€/kg"
    },
    "productPriceWithLoyaltyCard": null,
    "productPricePerUnitWithLoyaltyCard": null,
    "imageUrl": "https://cdn.barbora.lv/products/07d5d00c-5868-48db-a4ef-62d93e7c38fd_s.png",
    "available": true,
    "discount": null
  },
  {
    "shop": "RIMI",
    "categories": [
      2,
      2001,
      2001005
    ],
    "productName": "Saldskābā maize Sējas ar graud. liel.šķ. 260g",
    "productPriceOld": null,
    "productPrice": {
      "value": 1.89,
      "unit": "€/gab"
    },
    "productPricePerUnit": {
      "value": 7.27,
      "unit": "€/kg"
    },
    "productPriceWithLoyaltyCard": null,
    "productPricePerUnitWithLoyaltyCard": null,
    "imageUrl": "https://rimibaltic-res.cloudinary.com/image/upload/d_ecommerce:backend-fallback.png/MAT_939117_PCE_LV",
    "available": true,
    "discount": null
  },
  {
    "shop": "MAXIMA",
    "categories": [
      2,
      2001,
      20010014
    ],
    "productName": "Maize MAIZIŅŠ dārzeņu 240g",
    "productPriceOld": null,
    "productPrice": {
      "value": 1.75,
      "unit": "€"
    },
    "productPricePerUnit": {
      "value": 7.29,
      "unit": "€/kg"
    },
    "productPriceWithLoyaltyCard": null,
    "productPricePerUnitWithLoyaltyCard": null,
    "imageUrl": "https://cdn.barbora.lv/products/6640b312-6ee2-442f-a869-5ec5a59efa4d_s.png",
    "available": true,
    "discount": null
  },
  {
    "shop": "RIMI",
    "categories": [
      2,
      2001,
      20010014
    ],
    "productName": "Hotdogu maizītes Hanzas Maiznīca 300g",
    "productPriceOld": {
      "value": 2.99,
      "unit": "€"
    },
    "productPrice": {
      "value": 2.19,
      "unit": "€/gab"
    },
    "productPricePerUnit": {
      "value": 7.3,
      "unit": "€/kg"
    },
    "productPriceWithLoyaltyCard": null,
    "productPricePerUnitWithLoyaltyCard": null,
    "imageUrl": "https://rimibaltic-res.cloudinary.com/image/upload/d_ecommerce:backend-fallback.png/MAT_977242_PCE_LV",
    "available": true,
    "discount": 27
  },
  {
    "shop": "MAXIMA",
    "categories": [
      1,
      1001,
      1001001
    ],
    "productName": "Alus UŽAVAS Ziemeļu 5,8% 0,33L D",
    "productPriceOld": null,
    "productPrice": {
      "value": 2.41,
      "unit": "€"
    },
    "productPricePerUnit": {
      "value": 7.3,
      "unit": "€/l"
    },
    "productPriceWithLoyaltyCard": null,
    "productPricePerUnitWithLoyaltyCard": null,
    "imageUrl": "https://cdn.barbora.lv/products/e59d3aba-1b45-49b6-a227-91199f001e60_s.png",
    "available": true,
    "discount": null
  },
  {
    "shop": "MAXIMA",
    "categories": [
      2,
      2001,
      2001009
    ],
    "productName": "Burgeru maizītes Rustico 4gab. 300g",
    "productPriceOld": null,
    "productPrice": {
      "value": 2.19,
      "unit": "€"
    },
    "productPricePerUnit": {
      "value": 7.3,
      "unit": "€/kg"
    },
    "productPriceWithLoyaltyCard": null,
    "productPricePerUnitWithLoyaltyCard": null,
    "imageUrl": "https://cdn.barbora.lv/products/dbbdb2cf-8298-4eb4-972b-990a3efc5b0d_s.png",
    "available": true,
    "discount": null
  },
  {
    "shop": "MAXIMA",
    "categories": [
      2,
      2001,
      20010015
    ],
    "productName": "Galetes kukurūzas USTUKIU MALUNAS 130g",
    "productPriceOld": null,
    "productPrice": {
      "value": 0.95,
      "unit": "€"
    },
    "productPricePerUnit": {
      "value": 7.31,
      "unit": "€/kg"
    },
    "productPriceWithLoyaltyCard": null,
    "productPricePerUnitWithLoyaltyCard": null,
    "imageUrl": "https://cdn.barbora.lv/products/3630b5af-8991-4fb5-b6bd-7102abf5d2de_s.png",
    "available": true,
    "discount": null
  },
  {
    "shop": "MAXIMA",
    "categories": [
      1,
      1001,
      1001004
    ],
    "productName": "Dz.vīns La Buona Vita Prosecco 11% 0,75L",
    "productPriceOld": {
      "value": 9.45,
      "unit": "€"
    },
    "productPrice": {
      "value": 9.45,
      "unit": "€"
    },
    "productPricePerUnit": {
      "value": 12.6,
      "unit": "€/l"
    },
    "productPriceWithLoyaltyCard": {
      "value": 5.49,
      "unit": "€"
    },
    "productPricePerUnitWithLoyaltyCard": {
      "value": 7.32,
      "unit": "€/l"
    },
    "imageUrl": "https://cdn.barbora.lv/products/ebe950b8-1c81-4715-8a6b-1c29d62531ee_s.png",
    "available": true,
    "discount": 42
  },
  {
    "shop": "MAXIMA",
    "categories": [
      1,
      1001,
      1001003
    ],
    "productName": "Vīns KAGOR ZLATA BULGARIJA 13% 0,75L",
    "productPriceOld": {
      "value": 8.29,
      "unit": "€"
    },
    "productPrice": {
      "value": 8.29,
      "unit": "€"
    },
    "productPricePerUnit": {
      "value": 11.05,
      "unit": "€/l"
    },
    "productPriceWithLoyaltyCard": {
      "value": 5.49,
      "unit": "€"
    },
    "productPricePerUnitWithLoyaltyCard": {
      "value": 7.32,
      "unit": "€/l"
    },
    "imageUrl": "https://cdn.barbora.lv/products/84de27a6-67de-4d6f-bde1-dd4929046c19_s.png",
    "available": true,
    "discount": 34
  },
  {
    "shop": "CITRO",
    "categories": [
      1,
      1001,
      1001003
    ],
    "productName": "VĪNS B. FRONTERA CHARDONNAY 13% 0.75L",
    "productPriceOld": {
      "value": 6.19,
      "unit": "€"
    },
    "productPrice": {
      "value": 5.49,
      "unit": "€"
    },
    "productPricePerUnit": {
      "value": 7.32,
      "unit": "€/L"
    },
    "productPriceWithLoyaltyCard": null,
    "productPricePerUnitWithLoyaltyCard": null,
    "imageUrl": "https://rezekne.citro.lv/wp-content/uploads/2020/12/7804320642277-300x300.jpg",
    "available": true,
    "discount": 11
  },
  {
    "shop": "CITRO",
    "categories": [
      1,
      1001,
      1001003
    ],
    "productName": "VĪNS S. FRONTERA CABERNET SAUVIGNON 13% 0.75L",
    "productPriceOld": {
      "value": 6.19,
      "unit": "€"
    },
    "productPrice": {
      "value": 5.49,
      "unit": "€"
    },
    "productPricePerUnit": {
      "value": 7.32,
      "unit": "€/L"
    },
    "productPriceWithLoyaltyCard": null,
    "productPricePerUnitWithLoyaltyCard": null,
    "imageUrl": "https://rezekne.citro.lv/wp-content/uploads/2020/12/7804320559001-300x300.jpg",
    "available": true,
    "discount": 11
  },
  {
    "shop": "CITRO",
    "categories": [
      1,
      1001,
      1001003
    ],
    "productName": "VĪNS B. GATO NEGRO CHARDONNAY 13% 0.75L",
    "productPriceOld": {
      "value": 5.99,
      "unit": "€"
    },
    "productPrice": {
      "value": 5.49,
      "unit": "€"
    },
    "productPricePerUnit": {
      "value": 7.32,
      "unit": "€/L"
    },
    "productPriceWithLoyaltyCard": null,
    "productPricePerUnitWithLoyaltyCard": null,
    "imageUrl": "https://rezekne.citro.lv/wp-content/uploads/2021/04/7804300120641-1-300x300.jpg",
    "available": true,
    "discount": 8
  },
  {
    "shop": "CITRO",
    "categories": [
      1,
      1001,
      1001003
    ],
    "productName": "VĪNS S. GATO NEGRO CABERNET SAUVIGNON 13% 0.75L",
    "productPriceOld": {
      "value": 5.99,
      "unit": "€"
    },
    "productPrice": {
      "value": 5.49,
      "unit": "€"
    },
    "productPricePerUnit": {
      "value": 7.32,
      "unit": "€/L"
    },
    "productPriceWithLoyaltyCard": null,
    "productPricePerUnitWithLoyaltyCard": null,
    "imageUrl": "https://rezekne.citro.lv/wp-content/uploads/2020/12/7804300010638-300x300.jpg",
    "available": true,
    "discount": 8
  },
  {
    "shop": "CITRO",
    "categories": [
      1,
      1001,
      1001003
    ],
    "productName": "VĪNS B. GATO NEGRO CHARDONNAY 13% 0.75L",
    "productPriceOld": {
      "value": 5.99,
      "unit": "€"
    },
    "productPrice": {
      "value": 5.49,
      "unit": "€"
    },
    "productPricePerUnit": {
      "value": 7.32,
      "unit": "€/L"
    },
    "productPriceWithLoyaltyCard": null,
    "productPricePerUnitWithLoyaltyCard": null,
    "imageUrl": "https://rezekne.citro.lv/wp-content/uploads/2021/04/7804300120641-1-300x300.jpg",
    "available": true,
    "discount": 8
  },
  {
    "shop": "CITRO",
    "categories": [
      1,
      1001,
      1001003
    ],
    "productName": "VĪNS S. GATO NEGRO CABERNET SAUVIGNON 13% 0.75L",
    "productPriceOld": {
      "value": 5.99,
      "unit": "€"
    },
    "productPrice": {
      "value": 5.49,
      "unit": "€"
    },
    "productPricePerUnit": {
      "value": 7.32,
      "unit": "€/L"
    },
    "productPriceWithLoyaltyCard": null,
    "productPricePerUnitWithLoyaltyCard": null,
    "imageUrl": "https://rezekne.citro.lv/wp-content/uploads/2020/12/7804300010638-300x300.jpg",
    "available": true,
    "discount": 8
  },
  {
    "shop": "CITRO",
    "categories": [
      1,
      1001,
      1001003
    ],
    "productName": "VĪNS S.PUSSALDS CASTILLO LAGOMAR RED 10.5% 0.75L",
    "productPriceOld": null,
    "productPrice": null,
    "productPricePerUnit": {
      "value": 7.32,
      "unit": "€/L"
    },
    "productPriceWithLoyaltyCard": null,
    "productPricePerUnitWithLoyaltyCard": null,
    "imageUrl": "https://rezekne.citro.lv/wp-content/uploads/2025/03/8410261371023-300x300.jpg",
    "available": true,
    "discount": null
  },
  {
    "shop": "CITRO",
    "categories": [
      1,
      1001,
      1001003
    ],
    "productName": "VĪNS S. GRAN CASTILLO ROSE PUSSALDS 11% 0.75L",
    "productPriceOld": null,
    "productPrice": null,
    "productPricePerUnit": {
      "value": 7.32,
      "unit": "€/L"
    },
    "productPriceWithLoyaltyCard": null,
    "productPricePerUnitWithLoyaltyCard": null,
    "imageUrl": "https://rezekne.citro.lv/wp-content/uploads/2021/03/4740158001981-300x300.jpg",
    "available": true,
    "discount": null
  },
  {
    "shop": "CITRO",
    "categories": [
      1,
      1001,
      1001003
    ],
    "productName": "VĪNS B. GRAN CASTILLO VIURO-CHARDONNAY 11.5% 0.75L",
    "productPriceOld": null,
    "productPrice": null,
    "productPricePerUnit": {
      "value": 7.32,
      "unit": "€/L"
    },
    "productPriceWithLoyaltyCard": null,
    "productPricePerUnitWithLoyaltyCard": null,
    "imageUrl": "https://rezekne.citro.lv/wp-content/uploads/2021/11/4740158003602-300x300.jpg",
    "available": true,
    "discount": null
  },
  {
    "shop": "CITRO",
    "categories": [
      1,
      1001,
      1001003
    ],
    "productName": "VĪNS S. GRAN CASTILLO CABERNET SAUVIGNON SALDS 13.5% 0.75L",
    "productPriceOld": null,
    "productPrice": null,
    "productPricePerUnit": {
      "value": 7.32,
      "unit": "€/L"
    },
    "productPriceWithLoyaltyCard": null,
    "productPricePerUnitWithLoyaltyCard": null,
    "imageUrl": "https://rezekne.citro.lv/wp-content/uploads/2021/11/4740158001936-300x300.jpg",
    "available": true,
    "discount": null
  },
  {
    "shop": "CITRO",
    "categories": [
      1,
      1001,
      1001003
    ],
    "productName": "VĪNS S. GRAN CASTILLO SHIRAZ 12% 0.75L",
    "productPriceOld": null,
    "productPrice": null,
    "productPricePerUnit": {
      "value": 7.32,
      "unit": "€/L"
    },
    "productPriceWithLoyaltyCard": null,
    "productPricePerUnitWithLoyaltyCard": null,
    "imageUrl": "https://rezekne.citro.lv/wp-content/uploads/2021/03/4740158001943-300x300.jpg",
    "available": true,
    "discount": null
  },
  {
    "shop": "MAXIMA",
    "categories": [
      2,
      2001,
      20010014
    ],
    "productName": "Rīsu-kukurūzas maizītes 75g",
    "productPriceOld": null,
    "productPrice": {
      "value": 0.55,
      "unit": "€"
    },
    "productPricePerUnit": {
      "value": 7.33,
      "unit": "€/kg"
    },
    "productPriceWithLoyaltyCard": null,
    "productPricePerUnitWithLoyaltyCard": null,
    "imageUrl": "https://cdn.barbora.lv/products/f8ea0939-5fce-4937-92f0-03ce86f5bae8_s.png",
    "available": true,
    "discount": null
  },
  {
    "shop": "RIMI",
    "categories": [
      2,
      2001,
      2001009
    ],
    "productName": "Burgeru maizītes Klasiskās 4x80g",
    "productPriceOld": {
      "value": 2.79,
      "unit": "€"
    },
    "productPrice": {
      "value": 2.35,
      "unit": "€/gab"
    },
    "productPricePerUnit": {
      "value": 7.34,
      "unit": "€/kg"
    },
    "productPriceWithLoyaltyCard": null,
    "productPricePerUnitWithLoyaltyCard": null,
    "imageUrl": "https://rimibaltic-res.cloudinary.com/image/upload/d_ecommerce:backend-fallback.png/MAT_939055_PCE_LV",
    "available": true,
    "discount": 16
  },
  {
    "shop": "RIMI",
    "categories": [
      2,
      2001,
      20010014
    ],
    "productName": "Maize Lāči augļu gaišā 270g",
    "productPriceOld": null,
    "productPrice": {
      "value": 1.99,
      "unit": "€/gab"
    },
    "productPricePerUnit": {
      "value": 7.37,
      "unit": "€/kg"
    },
    "productPriceWithLoyaltyCard": null,
    "productPricePerUnitWithLoyaltyCard": null,
    "imageUrl": "https://rimibaltic-res.cloudinary.com/image/upload/d_ecommerce:backend-fallback.png/MAT_273548_PCE_LV",
    "available": true,
    "discount": null
  },
  {
    "shop": "RIMI",
    "categories": [
      2,
      2001,
      20010015
    ],
    "productName": "Rīvmaize Leimer 400g",
    "productPriceOld": null,
    "productPrice": {
      "value": 2.95,
      "unit": "€/gab"
    },
    "productPricePerUnit": {
      "value": 7.37,
      "unit": "€/kg"
    },
    "productPriceWithLoyaltyCard": null,
    "productPricePerUnitWithLoyaltyCard": null,
    "imageUrl": "https://rimibaltic-res.cloudinary.com/image/upload/d_ecommerce:backend-fallback.png/MAT_140981_PCE_LV",
    "available": true,
    "discount": null
  },
  {
    "shop": "RIMI",
    "categories": [
      2,
      2001,
      20010014
    ],
    "productName": "Hotdogu Dan Cake maizītes 250g",
    "productPriceOld": null,
    "productPrice": {
      "value": 1.85,
      "unit": "€/gab"
    },
    "productPricePerUnit": {
      "value": 7.4,
      "unit": "€/kg"
    },
    "productPriceWithLoyaltyCard": null,
    "productPricePerUnitWithLoyaltyCard": null,
    "imageUrl": "https://rimibaltic-res.cloudinary.com/image/upload/d_ecommerce:backend-fallback.png/MAT_996424_PCE_LV",
    "available": true,
    "discount": null
  },
  {
    "shop": "RIMI",
    "categories": [
      1,
      1001,
      1001003
    ],
    "productName": "B.v. Mywine Chardonnay sauss 12% 250ml",
    "productPriceOld": null,
    "productPrice": {
      "value": 1.85,
      "unit": "€/gab"
    },
    "productPricePerUnit": {
      "value": 7.4,
      "unit": "€/l"
    },
    "productPriceWithLoyaltyCard": null,
    "productPricePerUnitWithLoyaltyCard": null,
    "imageUrl": "https://rimibaltic-res.cloudinary.com/image/upload/d_ecommerce:backend-fallback.png/MAT_7299470_PCE_LV",
    "available": true,
    "discount": null
  },
  {
    "shop": "RIMI",
    "categories": [
      1,
      1001,
      1001003
    ],
    "productName": "Sarkanvīns Mywine sauss 12,5% 250ml",
    "productPriceOld": null,
    "productPrice": {
      "value": 1.85,
      "unit": "€/gab"
    },
    "productPricePerUnit": {
      "value": 7.4,
      "unit": "€/l"
    },
    "productPriceWithLoyaltyCard": null,
    "productPricePerUnitWithLoyaltyCard": null,
    "imageUrl": "https://rimibaltic-res.cloudinary.com/image/upload/d_ecommerce:backend-fallback.png/MAT_7299460_PCE_LV",
    "available": true,
    "discount": null
  },
  {
    "shop": "MAXIMA",
    "categories": [
      1,
      1002,
      10010021
    ],
    "productName": "Gāz.dz. FENTIMANS Rose Lemonade 0,75L D",
    "productPriceOld": null,
    "productPrice": {
      "value": 5.55,
      "unit": "€"
    },
    "productPricePerUnit": {
      "value": 7.4,
      "unit": "€/l"
    },
    "productPriceWithLoyaltyCard": null,
    "productPricePerUnitWithLoyaltyCard": null,
    "imageUrl": "https://cdn.barbora.lv/products/9320c96b-c796-4550-8f24-54cf363abb2c_s.png",
    "available": true,
    "discount": null
  },
  {
    "shop": "MAXIMA",
    "categories": [
      1,
      1002,
      10010021
    ],
    "productName": "Gāzēts dzēriens FENTIMANS CHERRY COLA 0,75L D",
    "productPriceOld": null,
    "productPrice": {
      "value": 5.55,
      "unit": "€"
    },
    "productPricePerUnit": {
      "value": 7.4,
      "unit": "€/l"
    },
    "productPriceWithLoyaltyCard": null,
    "productPricePerUnitWithLoyaltyCard": null,
    "imageUrl": "https://cdn.barbora.lv/products/e9c477b5-1486-47c6-8d88-050e88ab8725_s.png",
    "available": true,
    "discount": null
  },
  {
    "shop": "RIMI",
    "categories": [
      2,
      2001,
      2001008
    ],
    "productName": "Sausiņi Dona trīsgraudu 300g",
    "productPriceOld": null,
    "productPrice": {
      "value": 2.23,
      "unit": "€/gab"
    },
    "productPricePerUnit": {
      "value": 7.43,
      "unit": "€/kg"
    },
    "productPriceWithLoyaltyCard": null,
    "productPricePerUnitWithLoyaltyCard": null,
    "imageUrl": "https://rimibaltic-res.cloudinary.com/image/upload/d_ecommerce:backend-fallback.png/MAT_4006142_PCE_LV",
    "available": true,
    "discount": null
  },
  {
    "shop": "RIMI",
    "categories": [
      1,
      1001,
      1001003
    ],
    "productName": "S.v. Gran Castillo Shiraz 13% 0,75l",
    "productPriceOld": null,
    "productPrice": {
      "value": 8.29,
      "unit": "€/gab"
    },
    "productPricePerUnit": {
      "value": 11.05,
      "unit": "€/l"
    },
    "productPriceWithLoyaltyCard": {
      "value": 5.59,
      "unit": "€"
    },
    "productPricePerUnitWithLoyaltyCard": {
      "value": 7.45,
      "unit": "€/l"
    },
    "imageUrl": "https://rimibaltic-res.cloudinary.com/image/upload/d_ecommerce:backend-fallback.png/MAT_158215_PCE_LV",
    "available": true,
    "discount": 33
  },
  {
    "shop": "RIMI",
    "categories": [
      1,
      1001,
      1001003
    ],
    "productName": "S.v. Gran Castillo Cabernet Sauv. 12,5% 0,75l",
    "productPriceOld": null,
    "productPrice": {
      "value": 8.29,
      "unit": "€/gab"
    },
    "productPricePerUnit": {
      "value": 11.05,
      "unit": "€/l"
    },
    "productPriceWithLoyaltyCard": {
      "value": 5.59,
      "unit": "€"
    },
    "productPricePerUnitWithLoyaltyCard": {
      "value": 7.45,
      "unit": "€/l"
    },
    "imageUrl": "https://rimibaltic-res.cloudinary.com/image/upload/d_ecommerce:backend-fallback.png/MAT_139392_PCE_LV",
    "available": true,
    "discount": 33
  },
  {
    "shop": "RIMI",
    "categories": [
      1,
      1001,
      1001003
    ],
    "productName": "B.v.J.Brunner Riesl.Mosel 9,5% 0,75l",
    "productPriceOld": null,
    "productPrice": {
      "value": 7.95,
      "unit": "€/gab"
    },
    "productPricePerUnit": {
      "value": 10.6,
      "unit": "€/l"
    },
    "productPriceWithLoyaltyCard": {
      "value": 5.59,
      "unit": "€"
    },
    "productPricePerUnitWithLoyaltyCard": {
      "value": 7.45,
      "unit": "€/l"
    },
    "imageUrl": "https://rimibaltic-res.cloudinary.com/image/upload/d_ecommerce:backend-fallback.png/MAT_154081_PCE_LV",
    "available": true,
    "discount": 30
  },
  {
    "shop": "RIMI",
    "categories": [
      1,
      1001,
      1001003
    ],
    "productName": "Arom. vīn. dzēr. Carlo Rossi zemeņu 10% 0,75l",
    "productPriceOld": null,
    "productPrice": {
      "value": 7.99,
      "unit": "€/gab"
    },
    "productPricePerUnit": {
      "value": 10.65,
      "unit": "€/l"
    },
    "productPriceWithLoyaltyCard": {
      "value": 5.59,
      "unit": "€"
    },
    "productPricePerUnitWithLoyaltyCard": {
      "value": 7.45,
      "unit": "€/l"
    },
    "imageUrl": "https://rimibaltic-res.cloudinary.com/image/upload/d_ecommerce:backend-fallback.png/MAT_7295427_PCE_LV",
    "available": true,
    "discount": 30
  },
  {
    "shop": "RIMI",
    "categories": [
      1,
      1001,
      1001004
    ],
    "productName": "Dz.v. Donelli Lambrusco Biologico 9% 0,75l",
    "productPriceOld": null,
    "productPrice": {
      "value": 9.55,
      "unit": "€/gab"
    },
    "productPricePerUnit": {
      "value": 12.73,
      "unit": "€/l"
    },
    "productPriceWithLoyaltyCard": {
      "value": 5.59,
      "unit": "€"
    },
    "productPricePerUnitWithLoyaltyCard": {
      "value": 7.45,
      "unit": "€/l"
    },
    "imageUrl": "https://rimibaltic-res.cloudinary.com/image/upload/d_ecommerce:backend-fallback.png/MAT_7220677_PCE_LV",
    "available": true,
    "discount": 41
  },
  {
    "shop": "RIMI",
    "categories": [
      1,
      1001,
      1001004
    ],
    "productName": "Dz.v. Pignoletto Vino Donelli 11% 0,75l",
    "productPriceOld": null,
    "productPrice": {
      "value": 9.55,
      "unit": "€/gab"
    },
    "productPricePerUnit": {
      "value": 12.73,
      "unit": "€/l"
    },
    "productPriceWithLoyaltyCard": {
      "value": 5.59,
      "unit": "€"
    },
    "productPricePerUnitWithLoyaltyCard": {
      "value": 7.45,
      "unit": "€/l"
    },
    "imageUrl": "https://rimibaltic-res.cloudinary.com/image/upload/d_ecommerce:backend-fallback.png/MAT_7285280_PCE_LV",
    "available": true,
    "discount": 41
  },
  {
    "shop": "RIMI",
    "categories": [
      1,
      1001,
      1001003
    ],
    "productName": "B.v.J.Brunner Riesling Rh.10,5% 0,75l",
    "productPriceOld": null,
    "productPrice": {
      "value": 7.95,
      "unit": "€/gab"
    },
    "productPricePerUnit": {
      "value": 10.6,
      "unit": "€/l"
    },
    "productPriceWithLoyaltyCard": {
      "value": 5.59,
      "unit": "€"
    },
    "productPricePerUnitWithLoyaltyCard": {
      "value": 7.45,
      "unit": "€/l"
    },
    "imageUrl": "https://rimibaltic-res.cloudinary.com/image/upload/d_ecommerce:backend-fallback.png/MAT_7018656_PCE_LV",
    "available": true,
    "discount": 30
  },
  {
    "shop": "RIMI",
    "categories": [
      1,
      1001,
      1001003
    ],
    "productName": "B.v. J.Brunner Gewürztraminer 11% 0,75l",
    "productPriceOld": null,
    "productPrice": {
      "value": 7.95,
      "unit": "€/gab"
    },
    "productPricePerUnit": {
      "value": 10.6,
      "unit": "€/l"
    },
    "productPriceWithLoyaltyCard": {
      "value": 5.59,
      "unit": "€"
    },
    "productPricePerUnitWithLoyaltyCard": {
      "value": 7.45,
      "unit": "€/l"
    },
    "imageUrl": "https://rimibaltic-res.cloudinary.com/image/upload/d_ecommerce:backend-fallback.png/MAT_7033077_PCE_LV",
    "available": true,
    "discount": 30
  },
  {
    "shop": "RIMI",
    "categories": [
      1,
      1001,
      1001003
    ],
    "productName": "Rozā v. J.Brunner Dorfelder Rose 10,5% 0,75l",
    "productPriceOld": null,
    "productPrice": {
      "value": 8.05,
      "unit": "€/gab"
    },
    "productPricePerUnit": {
      "value": 10.73,
      "unit": "€/l"
    },
    "productPriceWithLoyaltyCard": {
      "value": 5.59,
      "unit": "€"
    },
    "productPricePerUnitWithLoyaltyCard": {
      "value": 7.45,
      "unit": "€/l"
    },
    "imageUrl": "https://rimibaltic-res.cloudinary.com/image/upload/d_ecommerce:backend-fallback.png/MAT_7213756_PCE_LV",
    "available": true,
    "discount": 31
  },
  {
    "shop": "MAXIMA",
    "categories": [
      1,
      1001,
      1001003
    ],
    "productName": "Dzirkstošais vīna dzēriens Zolotoje Prazdnicnoje 10% 0,75L",
    "productPriceOld": null,
    "productPrice": {
      "value": 5.59,
      "unit": "€"
    },
    "productPricePerUnit": {
      "value": 7.45,
      "unit": "€/l"
    },
    "productPriceWithLoyaltyCard": null,
    "productPricePerUnitWithLoyaltyCard": null,
    "imageUrl": "https://cdn.barbora.lv/products/68c35554-2ff7-4c13-9ec1-8cbafb6b7663_s.png",
    "available": true,
    "discount": null
  },
  {
    "shop": "MAXIMA",
    "categories": [
      1,
      1001,
      1001003
    ],
    "productName": "Dzirkstošais vīna dzēriens Polusladkoje Prazdnicnoje 10% 0,75L",
    "productPriceOld": null,
    "productPrice": {
      "value": 5.59,
      "unit": "€"
    },
    "productPricePerUnit": {
      "value": 7.45,
      "unit": "€/l"
    },
    "productPriceWithLoyaltyCard": null,
    "productPricePerUnitWithLoyaltyCard": null,
    "imageUrl": "https://cdn.barbora.lv/products/b81488c7-9479-46c5-a737-710ac58a24a9_s.png",
    "available": true,
    "discount": null
  },
  {
    "shop": "MAXIMA",
    "categories": [
      2,
      2001,
      20010014
    ],
    "productName": "Maize MAIZIŅŠ ar sieru 200g",
    "productPriceOld": null,
    "productPrice": {
      "value": 1.49,
      "unit": "€"
    },
    "productPricePerUnit": {
      "value": 7.45,
      "unit": "€/kg"
    },
    "productPriceWithLoyaltyCard": null,
    "productPricePerUnitWithLoyaltyCard": null,
    "imageUrl": "https://cdn.barbora.lv/products/0acffb33-7533-4019-b306-0f9381245774_s.png",
    "available": true,
    "discount": null
  },
  {
    "shop": "CITRO",
    "categories": [
      2,
      2001,
      2001005
    ],
    "productName": "SALDSKĀBMAIZES ĶIPLOKU GRAUZDIŅI CITRO 200G",
    "productPriceOld": null,
    "productPrice": null,
    "productPricePerUnit": {
      "value": 7.45,
      "unit": "€/KG"
    },
    "productPriceWithLoyaltyCard": null,
    "productPricePerUnitWithLoyaltyCard": null,
    "imageUrl": "https://rezekne.citro.lv/wp-content/uploads/2022/02/4751034950057_Grauzdini-ar-fonu-300x300.jpg",
    "available": true,
    "discount": null
  },
  {
    "shop": "RIMI",
    "categories": [
      2,
      2001,
      20010011
    ],
    "productName": "Maiz. Fazer Street Food sēklu doniņas 240g",
    "productPriceOld": null,
    "productPrice": {
      "value": 1.79,
      "unit": "€/gab"
    },
    "productPricePerUnit": {
      "value": 7.46,
      "unit": "€/kg"
    },
    "productPriceWithLoyaltyCard": null,
    "productPricePerUnitWithLoyaltyCard": null,
    "imageUrl": "https://rimibaltic-res.cloudinary.com/image/upload/d_ecommerce:backend-fallback.png/MAT_4001993_PCE_LV",
    "available": true,
    "discount": null
  },
  {
    "shop": "RIMI",
    "categories": [
      2,
      2001,
      20010015
    ],
    "productName": "Rīvmaize Lāči īsta kviešu 400g",
    "productPriceOld": null,
    "productPrice": {
      "value": 2.99,
      "unit": "€/gab"
    },
    "productPricePerUnit": {
      "value": 7.47,
      "unit": "€/kg"
    },
    "productPriceWithLoyaltyCard": null,
    "productPricePerUnitWithLoyaltyCard": null,
    "imageUrl": "https://rimibaltic-res.cloudinary.com/image/upload/d_ecommerce:backend-fallback.png/MAT_166728_PCE_LV",
    "available": true,
    "discount": null
  },
  {
    "shop": "RIMI",
    "categories": [
      1,
      1002,
      10010026
    ],
    "productName": "Kombuča dzēr. Dimdiņi Acai ogu ekstr. 330ml",
    "productPriceOld": null,
    "productPrice": {
      "value": 2.49,
      "unit": "€/gab"
    },
    "productPricePerUnit": {
      "value": 7.55,
      "unit": "€/l"
    },
    "productPriceWithLoyaltyCard": null,
    "productPricePerUnitWithLoyaltyCard": null,
    "imageUrl": "https://rimibaltic-res.cloudinary.com/image/upload/d_ecommerce:backend-fallback.png/MAT_1374770_PCE_LV",
    "available": true,
    "discount": null
  },
  {
    "shop": "RIMI",
    "categories": [
      1,
      1002,
      10010026
    ],
    "productName": "Kombuča dzēriens Dimdiņi oriģinālais 330ml",
    "productPriceOld": null,
    "productPrice": {
      "value": 2.49,
      "unit": "€/gab"
    },
    "productPricePerUnit": {
      "value": 7.55,
      "unit": "€/l"
    },
    "productPriceWithLoyaltyCard": null,
    "productPricePerUnitWithLoyaltyCard": null,
    "imageUrl": "https://rimibaltic-res.cloudinary.com/image/upload/d_ecommerce:backend-fallback.png/MAT_1374749_PCE_LV",
    "available": true,
    "discount": null
  },
  {
    "shop": "RIMI",
    "categories": [
      1,
      1002,
      10010020
    ],
    "productName": "Organiska bērzu sula Sip Sap tīra 0,33l",
    "productPriceOld": null,
    "productPrice": {
      "value": 2.49,
      "unit": "€/gab"
    },
    "productPricePerUnit": {
      "value": 7.55,
      "unit": "€/l"
    },
    "productPriceWithLoyaltyCard": null,
    "productPricePerUnitWithLoyaltyCard": null,
    "imageUrl": "https://rimibaltic-res.cloudinary.com/image/upload/d_ecommerce:backend-fallback.png/MAT_1360239_PCE_LV",
    "available": true,
    "discount": null
  },
  {
    "shop": "RIMI",
    "categories": [
      1,
      1002,
      10010020
    ],
    "productName": "Organis. bērz.sula Sip Sap piparm.garšu 0,33l",
    "productPriceOld": null,
    "productPrice": {
      "value": 2.49,
      "unit": "€/gab"
    },
    "productPricePerUnit": {
      "value": 7.55,
      "unit": "€/l"
    },
    "productPriceWithLoyaltyCard": null,
    "productPricePerUnitWithLoyaltyCard": null,
    "imageUrl": "https://rimibaltic-res.cloudinary.com/image/upload/d_ecommerce:backend-fallback.png/MAT_1360260_PCE_LV",
    "available": true,
    "discount": null
  },
  {
    "shop": "RIMI",
    "categories": [
      1,
      1001,
      1001001
    ],
    "productName": "Alus Limburgse Witte Rose 3,5% 0,33l",
    "productPriceOld": null,
    "productPrice": {
      "value": 2.49,
      "unit": "€/gab"
    },
    "productPricePerUnit": {
      "value": 7.55,
      "unit": "€/l"
    },
    "productPriceWithLoyaltyCard": null,
    "productPricePerUnitWithLoyaltyCard": null,
    "imageUrl": "https://rimibaltic-res.cloudinary.com/image/upload/d_ecommerce:backend-fallback.png/MAT_1374118_PCE_LV",
    "available": true,
    "discount": null
  },
  {
    "shop": "RIMI",
    "categories": [
      1,
      1001,
      1001001
    ],
    "productName": "Alus Limburgse Witte Pear&Apple 4,2% 0,33l",
    "productPriceOld": null,
    "productPrice": {
      "value": 2.49,
      "unit": "€/gab"
    },
    "productPricePerUnit": {
      "value": 7.55,
      "unit": "€/l"
    },
    "productPriceWithLoyaltyCard": null,
    "productPricePerUnitWithLoyaltyCard": null,
    "imageUrl": "https://rimibaltic-res.cloudinary.com/image/upload/d_ecommerce:backend-fallback.png/MAT_1374287_PCE_LV",
    "available": true,
    "discount": null
  },
  {
    "shop": "RIMI",
    "categories": [
      1,
      1001,
      1001001
    ],
    "productName": "Alus Limburgse Witte Peach&Mango 4,2% 0,33l",
    "productPriceOld": null,
    "productPrice": {
      "value": 2.49,
      "unit": "€/gab"
    },
    "productPricePerUnit": {
      "value": 7.55,
      "unit": "€/l"
    },
    "productPriceWithLoyaltyCard": null,
    "productPricePerUnitWithLoyaltyCard": null,
    "imageUrl": "https://rimibaltic-res.cloudinary.com/image/upload/d_ecommerce:backend-fallback.png/MAT_1374301_PCE_LV",
    "available": true,
    "discount": null
  },
  {
    "shop": "MAXIMA",
    "categories": [
      2,
      2001,
      20010011
    ],
    "productName": "Kruasāns ar sēklām 78g",
    "productPriceOld": null,
    "productPrice": {
      "value": 0.59,
      "unit": "€"
    },
    "productPricePerUnit": {
      "value": 7.56,
      "unit": "€/kg"
    },
    "productPriceWithLoyaltyCard": null,
    "productPricePerUnitWithLoyaltyCard": null,
    "imageUrl": "https://cdn.barbora.lv/products/e7289966-45be-44dc-bfbe-948e25d2d3d9_s.png",
    "available": true,
    "discount": null
  },
  {
    "shop": "RIMI",
    "categories": [
      1,
      1003,
      1003004
    ],
    "productName": "Bezalk. dz. vīna dzēr. Torley baltais 0.75l",
    "productPriceOld": null,
    "productPrice": {
      "value": 5.69,
      "unit": "€/gab"
    },
    "productPricePerUnit": {
      "value": 7.59,
      "unit": "€/l"
    },
    "productPriceWithLoyaltyCard": null,
    "productPricePerUnitWithLoyaltyCard": null,
    "imageUrl": "https://rimibaltic-res.cloudinary.com/image/upload/d_ecommerce:backend-fallback.png/MAT_1352278_PCE_LV",
    "available": true,
    "discount": null
  },
  {
    "shop": "RIMI",
    "categories": [
      1,
      1003,
      1003003
    ],
    "productName": "Bezalkoholi. dz. rozā vīns Torley 0,75l",
    "productPriceOld": null,
    "productPrice": {
      "value": 5.69,
      "unit": "€/gab"
    },
    "productPricePerUnit": {
      "value": 7.59,
      "unit": "€/l"
    },
    "productPriceWithLoyaltyCard": null,
    "productPricePerUnitWithLoyaltyCard": null,
    "imageUrl": "https://rimibaltic-res.cloudinary.com/image/upload/d_ecommerce:backend-fallback.png/MAT_1354130_PCE_LV",
    "available": true,
    "discount": null
  },
  {
    "shop": "RIMI",
    "categories": [
      1,
      1001,
      1001002
    ],
    "productName": "Sidrs Abavas Pļavas 5% 0,75l",
    "productPriceOld": null,
    "productPrice": {
      "value": 7.69,
      "unit": "€/gab"
    },
    "productPricePerUnit": {
      "value": 10.25,
      "unit": "€/l"
    },
    "productPriceWithLoyaltyCard": {
      "value": 5.69,
      "unit": "€"
    },
    "productPricePerUnitWithLoyaltyCard": {
      "value": 7.59,
      "unit": "€/l"
    },
    "imageUrl": "https://rimibaltic-res.cloudinary.com/image/upload/d_ecommerce:backend-fallback.png/MAT_1369040_PCE_LV",
    "available": true,
    "discount": 26
  },
  {
    "shop": "CITRO",
    "categories": [
      1,
      1001,
      1001004
    ],
    "productName": "DZ.VĪNS RĪGAS PRESTIGE CUVEE BRUT 11.5% 0.75L",
    "productPriceOld": {
      "value": 6.49,
      "unit": "€"
    },
    "productPrice": {
      "value": 5.69,
      "unit": "€"
    },
    "productPricePerUnit": {
      "value": 7.59,
      "unit": "€/L"
    },
    "productPriceWithLoyaltyCard": null,
    "productPricePerUnitWithLoyaltyCard": null,
    "imageUrl": "https://rezekne.citro.lv/wp-content/uploads/2020/04/4750012208852-300x300.jpg",
    "available": true,
    "discount": 12
  },
  {
    "shop": "CITRO",
    "categories": [
      1,
      1001,
      1001004
    ],
    "productName": "DZ.VĪNS RĪGAS PRESTIGE CUVEE SWEET 11.5% 0.75L",
    "productPriceOld": {
      "value": 6.49,
      "unit": "€"
    },
    "productPrice": {
      "value": 5.69,
      "unit": "€"
    },
    "productPricePerUnit": {
      "value": 7.59,
      "unit": "€/L"
    },
    "productPriceWithLoyaltyCard": null,
    "productPricePerUnitWithLoyaltyCard": null,
    "imageUrl": "https://rezekne.citro.lv/wp-content/uploads/2020/04/4750012207855-233x300.jpg",
    "available": true,
    "discount": 12
  },
  {
    "shop": "CITRO",
    "categories": [
      1,
      1001,
      1001003
    ],
    "productName": "VĪNS B. EAGLE CREEK CHARDONNAY 13% 0.75L",
    "productPriceOld": {
      "value": 6.99,
      "unit": "€"
    },
    "productPrice": {
      "value": 5.69,
      "unit": "€"
    },
    "productPricePerUnit": {
      "value": 7.59,
      "unit": "€/L"
    },
    "productPriceWithLoyaltyCard": null,
    "productPricePerUnitWithLoyaltyCard": null,
    "imageUrl": "https://rezekne.citro.lv/wp-content/uploads/2020/07/4003301030185-300x300.jpg",
    "available": true,
    "discount": 19
  },
  {
    "shop": "CITRO",
    "categories": [
      1,
      1001,
      1001003
    ],
    "productName": "VĪNS R. EAGLE CREEK ZINFANDEL ROSE 10.5% 0.75L",
    "productPriceOld": {
      "value": 6.99,
      "unit": "€"
    },
    "productPrice": {
      "value": 5.69,
      "unit": "€"
    },
    "productPricePerUnit": {
      "value": 7.59,
      "unit": "€/L"
    },
    "productPriceWithLoyaltyCard": null,
    "productPricePerUnitWithLoyaltyCard": null,
    "imageUrl": "https://rezekne.citro.lv/wp-content/uploads/2020/07/4003301022326-300x300.jpg",
    "available": true,
    "discount": 19
  },
  {
    "shop": "CITRO",
    "categories": [
      1,
      1001,
      1001003
    ],
    "productName": "VĪNS S. EAGLE CREEK ZINFANDEL RED 13% 0.75L",
    "productPriceOld": {
      "value": 6.99,
      "unit": "€"
    },
    "productPrice": {
      "value": 5.69,
      "unit": "€"
    },
    "productPricePerUnit": {
      "value": 7.59,
      "unit": "€/L"
    },
    "productPriceWithLoyaltyCard": null,
    "productPricePerUnitWithLoyaltyCard": null,
    "imageUrl": "https://rezekne.citro.lv/wp-content/uploads/2020/07/4003301016950-300x300.jpg",
    "available": true,
    "discount": 19
  },
  {
    "shop": "CITRO",
    "categories": [
      1,
      1001,
      1001005
    ],
    "productName": "ALK.KOKT. BLACK BALSAM COLA 12% 0.25L",
    "productPriceOld": {
      "value": 2.39,
      "unit": "€"
    },
    "productPrice": {
      "value": 2.09,
      "unit": "€"
    },
    "productPricePerUnit": {
      "value": 7.6,
      "unit": "€/L"
    },
    "productPriceWithLoyaltyCard": null,
    "productPricePerUnitWithLoyaltyCard": null,
    "imageUrl": "https://rezekne.citro.lv/wp-content/uploads/2023/05/4750012001040-1-300x300.jpg",
    "available": true,
    "discount": 13
  },
  {
    "shop": "CITRO",
    "categories": [
      1,
      1001,
      1001005
    ],
    "productName": "ALK.KOKT. BLACK BALSAM CHERRY 12% 0.25L",
    "productPriceOld": {
      "value": 2.29,
      "unit": "€"
    },
    "productPrice": {
      "value": 2.09,
      "unit": "€"
    },
    "productPricePerUnit": {
      "value": 7.6,
      "unit": "€/L"
    },
    "productPriceWithLoyaltyCard": null,
    "productPricePerUnitWithLoyaltyCard": null,
    "imageUrl": "https://rezekne.citro.lv/wp-content/uploads/2023/05/4750012001064.png",
    "available": true,
    "discount": 9
  },
  {
    "shop": "CITRO",
    "categories": [
      1,
      1001,
      1001005
    ],
    "productName": "ALK.KOKT. BLACK BALSAM COLA 12% 0.25L",
    "productPriceOld": {
      "value": 2.39,
      "unit": "€"
    },
    "productPrice": {
      "value": 2.09,
      "unit": "€"
    },
    "productPricePerUnit": {
      "value": 7.6,
      "unit": "€/L"
    },
    "productPriceWithLoyaltyCard": null,
    "productPricePerUnitWithLoyaltyCard": null,
    "imageUrl": "https://rezekne.citro.lv/wp-content/uploads/2023/05/4750012001040-1-300x300.jpg",
    "available": true,
    "discount": 13
  },
  {
    "shop": "CITRO",
    "categories": [
      1,
      1001,
      1001005
    ],
    "productName": "ALK.KOKT. BLACK BALSAM CHERRY 12% 0.25L",
    "productPriceOld": {
      "value": 2.29,
      "unit": "€"
    },
    "productPrice": {
      "value": 2.09,
      "unit": "€"
    },
    "productPricePerUnit": {
      "value": 7.6,
      "unit": "€/L"
    },
    "productPriceWithLoyaltyCard": null,
    "productPricePerUnitWithLoyaltyCard": null,
    "imageUrl": "https://rezekne.citro.lv/wp-content/uploads/2023/05/4750012001064.png",
    "available": true,
    "discount": 9
  },
  {
    "shop": "MAXIMA",
    "categories": [
      1,
      1001,
      1001001
    ],
    "productName": "Alus VALMIERMUIŽA Baltijas porteris 5.8%0,33L D",
    "productPriceOld": null,
    "productPrice": {
      "value": 2.51,
      "unit": "€"
    },
    "productPricePerUnit": {
      "value": 7.61,
      "unit": "€/l"
    },
    "productPriceWithLoyaltyCard": null,
    "productPricePerUnitWithLoyaltyCard": null,
    "imageUrl": "https://cdn.barbora.lv/products/fbbe5fbf-5814-4cbb-9962-71c721f43451_s.png",
    "available": true,
    "discount": null
  },
  {
    "shop": "MAXIMA",
    "categories": [
      2,
      2001,
      20010015
    ],
    "productName": "Galetes kukurūzas ar spirulīnu USTUKIU 130g",
    "productPriceOld": null,
    "productPrice": {
      "value": 0.99,
      "unit": "€"
    },
    "productPricePerUnit": {
      "value": 7.62,
      "unit": "€/kg"
    },
    "productPriceWithLoyaltyCard": null,
    "productPricePerUnitWithLoyaltyCard": null,
    "imageUrl": "https://cdn.barbora.lv/products/34e3fb0d-81a6-4d04-8e65-572c14ceb4b0_s.png",
    "available": true,
    "discount": null
  },
  {
    "shop": "CITRO",
    "categories": [
      2,
      20011
    ],
    "productName": "SMALKMAIZĪTE KAFIJAS  CITRO 85G",
    "productPriceOld": null,
    "productPrice": null,
    "productPricePerUnit": {
      "value": 7.65,
      "unit": "€/KG"
    },
    "productPriceWithLoyaltyCard": null,
    "productPricePerUnitWithLoyaltyCard": null,
    "imageUrl": "https://rezekne.citro.lv/wp-content/uploads/2023/01/01133-300x300.jpg",
    "available": true,
    "discount": null
  },
  {
    "shop": "MAXIMA",
    "categories": [
      2,
      2001,
      20010015
    ],
    "productName": "Rīsu galetes ar jūras sāli KUPIEC bez glutena 120g",
    "productPriceOld": {
      "value": 1.15,
      "unit": "€"
    },
    "productPrice": {
      "value": 0.92,
      "unit": "€"
    },
    "productPricePerUnit": {
      "value": 7.66,
      "unit": "€/kg"
    },
    "productPriceWithLoyaltyCard": null,
    "productPricePerUnitWithLoyaltyCard": null,
    "imageUrl": "https://cdn.barbora.lv/products/1b27a64c-b67a-4020-8d9f-6f6bc6182691_s.png",
    "available": true,
    "discount": 20
  },
  {
    "shop": "MAXIMA",
    "categories": [
      2,
      2001,
      20010015
    ],
    "productName": "Rīsu galetes KUPIEC bez glutēna 120g",
    "productPriceOld": {
      "value": 1.15,
      "unit": "€"
    },
    "productPrice": {
      "value": 0.92,
      "unit": "€"
    },
    "productPricePerUnit": {
      "value": 7.66,
      "unit": "€/kg"
    },
    "productPriceWithLoyaltyCard": null,
    "productPricePerUnitWithLoyaltyCard": null,
    "imageUrl": "https://cdn.barbora.lv/products/7451661a-fb07-4d11-a656-83bb160d08be_s.png",
    "available": true,
    "discount": 20
  },
  {
    "shop": "MAXIMA",
    "categories": [
      1,
      1001,
      1001003
    ],
    "productName": "Vīns TO VIURA SAUVIGNON BLANC 11,5%0,75L",
    "productPriceOld": null,
    "productPrice": {
      "value": 5.75,
      "unit": "€"
    },
    "productPricePerUnit": {
      "value": 7.67,
      "unit": "€/l"
    },
    "productPriceWithLoyaltyCard": null,
    "productPricePerUnitWithLoyaltyCard": null,
    "imageUrl": "https://cdn.barbora.lv/products/067d0bff-e8f7-44bc-856f-32d6d7b8c795_s.png",
    "available": true,
    "discount": null
  },
  {
    "shop": "MAXIMA",
    "categories": [
      1,
      1001,
      1001003
    ],
    "productName": "Vīns TO TEMPRANILLO 12% 0,75L",
    "productPriceOld": null,
    "productPrice": {
      "value": 5.75,
      "unit": "€"
    },
    "productPricePerUnit": {
      "value": 7.67,
      "unit": "€/l"
    },
    "productPriceWithLoyaltyCard": null,
    "productPricePerUnitWithLoyaltyCard": null,
    "imageUrl": "https://cdn.barbora.lv/products/b2d244c1-de60-4d27-9aff-46e88b4099d6_s.png",
    "available": true,
    "discount": null
  },
  {
    "shop": "MAXIMA",
    "categories": [
      2,
      2001,
      20010014
    ],
    "productName": "Gaišās doniņas FAZER Street Food 220g",
    "productPriceOld": null,
    "productPrice": {
      "value": 1.69,
      "unit": "€"
    },
    "productPricePerUnit": {
      "value": 7.68,
      "unit": "€/kg"
    },
    "productPriceWithLoyaltyCard": null,
    "productPricePerUnitWithLoyaltyCard": null,
    "imageUrl": "https://cdn.barbora.lv/products/efbd9f5e-f176-47d7-b516-414bf593377b_s.png",
    "available": true,
    "discount": null
  },
  {
    "shop": "RIMI",
    "categories": [
      2,
      2001,
      20010015
    ],
    "productName": "Sausiņi Flora ar vanilīnu 180g",
    "productPriceOld": null,
    "productPrice": {
      "value": 1.39,
      "unit": "€/gab"
    },
    "productPricePerUnit": {
      "value": 7.72,
      "unit": "€/kg"
    },
    "productPriceWithLoyaltyCard": null,
    "productPricePerUnitWithLoyaltyCard": null,
    "imageUrl": "https://rimibaltic-res.cloudinary.com/image/upload/d_ecommerce:backend-fallback.png/MAT_900602_PCE_LV",
    "available": true,
    "discount": null
  },
  {
    "shop": "MAXIMA",
    "categories": [
      1,
      1001,
      1001003
    ],
    "productName": "Vīns CALDIROLA FRAGOLINO 9,5% 0,75L",
    "productPriceOld": null,
    "productPrice": {
      "value": 5.79,
      "unit": "€"
    },
    "productPricePerUnit": {
      "value": 7.72,
      "unit": "€/l"
    },
    "productPriceWithLoyaltyCard": null,
    "productPricePerUnitWithLoyaltyCard": null,
    "imageUrl": "https://cdn.barbora.lv/products/14840c62-685e-451d-89f9-5793f7328185_s.png",
    "available": true,
    "discount": null
  },
  {
    "shop": "MAXIMA",
    "categories": [
      1,
      1001,
      1001003
    ],
    "productName": "Vīns CONO SUR Tocornal Cab.Sauvig.12% 3L",
    "productPriceOld": null,
    "productPrice": {
      "value": 23.15,
      "unit": "€"
    },
    "productPricePerUnit": {
      "value": 7.72,
      "unit": "€/l"
    },
    "productPriceWithLoyaltyCard": null,
    "productPricePerUnitWithLoyaltyCard": null,
    "imageUrl": "https://cdn.barbora.lv/products/434fef35-11f8-43a5-952f-8c2e230e48ba_s.png",
    "available": true,
    "discount": null
  },
  {
    "shop": "RIMI",
    "categories": [
      1,
      1001,
      1001002
    ],
    "productName": "Sidrs Abavas Ziem.ābolu, greipfrūtu 5% 0,33l",
    "productPriceOld": null,
    "productPrice": {
      "value": 2.55,
      "unit": "€/gab"
    },
    "productPricePerUnit": {
      "value": 7.73,
      "unit": "€/l"
    },
    "productPriceWithLoyaltyCard": null,
    "productPricePerUnitWithLoyaltyCard": null,
    "imageUrl": "https://rimibaltic-res.cloudinary.com/image/upload/d_ecommerce:backend-fallback.png/MAT_1374113_PCE_LV",
    "available": true,
    "discount": null
  },
  {
    "shop": "RIMI",
    "categories": [
      1,
      1001,
      1001001
    ],
    "productName": "Alus Valmiermuiža Baltijas 7,8% 0,33l",
    "productPriceOld": null,
    "productPrice": {
      "value": 2.55,
      "unit": "€/gab"
    },
    "productPricePerUnit": {
      "value": 7.73,
      "unit": "€/l"
    },
    "productPriceWithLoyaltyCard": null,
    "productPricePerUnitWithLoyaltyCard": null,
    "imageUrl": "https://rimibaltic-res.cloudinary.com/image/upload/d_ecommerce:backend-fallback.png/MAT_1374971_PCE_LV",
    "available": true,
    "discount": null
  },
  {
    "shop": "RIMI",
    "categories": [
      1,
      1001,
      1001005
    ],
    "productName": "Alk. kokteilis Salitos Mojito 5,6% 0,33l",
    "productPriceOld": null,
    "productPrice": {
      "value": 2.55,
      "unit": "€/gab"
    },
    "productPricePerUnit": {
      "value": 7.73,
      "unit": "€/l"
    },
    "productPriceWithLoyaltyCard": null,
    "productPricePerUnitWithLoyaltyCard": null,
    "imageUrl": "https://rimibaltic-res.cloudinary.com/image/upload/d_ecommerce:backend-fallback.png/MAT_1374285_PCE_LV",
    "available": true,
    "discount": null
  },
  {
    "shop": "RIMI",
    "categories": [
      1,
      1001,
      1001002
    ],
    "productName": "Sidrs Abavas Pļavas 5% 0,33l",
    "productPriceOld": null,
    "productPrice": {
      "value": 2.55,
      "unit": "€/gab"
    },
    "productPricePerUnit": {
      "value": 7.73,
      "unit": "€/l"
    },
    "productPriceWithLoyaltyCard": null,
    "productPricePerUnitWithLoyaltyCard": null,
    "imageUrl": "https://rimibaltic-res.cloudinary.com/image/upload/d_ecommerce:backend-fallback.png/MAT_1374114_PCE_LV",
    "available": true,
    "discount": null
  },
  {
    "shop": "RIMI",
    "categories": [
      1,
      1001,
      1001005
    ],
    "productName": "Alkohol. kokteilis Salitos Ice 5,2% 0,33l",
    "productPriceOld": null,
    "productPrice": {
      "value": 2.55,
      "unit": "€/gab"
    },
    "productPricePerUnit": {
      "value": 7.73,
      "unit": "€/l"
    },
    "productPriceWithLoyaltyCard": null,
    "productPricePerUnitWithLoyaltyCard": null,
    "imageUrl": "https://rimibaltic-res.cloudinary.com/image/upload/d_ecommerce:backend-fallback.png/MAT_1374286_PCE_LV",
    "available": true,
    "discount": null
  },
  {
    "shop": "RIMI",
    "categories": [
      1,
      1001,
      1001002
    ],
    "productName": "Ābolu sidrs Užavas bumbieru garša 5,7% 0,32l",
    "productPriceOld": null,
    "productPrice": {
      "value": 2.49,
      "unit": "€/gab"
    },
    "productPricePerUnit": {
      "value": 7.78,
      "unit": "€/l"
    },
    "productPriceWithLoyaltyCard": null,
    "productPricePerUnitWithLoyaltyCard": null,
    "imageUrl": "https://rimibaltic-res.cloudinary.com/image/upload/d_ecommerce:backend-fallback.png/MAT_1374047_PCE_LV",
    "available": true,
    "discount": null
  },
  {
    "shop": "MAXIMA",
    "categories": [
      1,
      1002,
      10010020
    ],
    "productName": "Sula apelsīnu SUN365 500ml D",
    "productPriceOld": null,
    "productPrice": {
      "value": 3.89,
      "unit": "€"
    },
    "productPricePerUnit": {
      "value": 7.78,
      "unit": "€/l"
    },
    "productPriceWithLoyaltyCard": null,
    "productPricePerUnitWithLoyaltyCard": null,
    "imageUrl": "https://cdn.barbora.lv/products/d1112c2a-789c-4594-b240-3417d7bf6a28_s.png",
    "available": true,
    "discount": null
  },
  {
    "shop": "MAXIMA",
    "categories": [
      2,
      2007
    ],
    "productName": "Kēkss RĪGAS ar rozīnēm 320g",
    "productPriceOld": {
      "value": 2.79,
      "unit": "€"
    },
    "productPrice": {
      "value": 2.49,
      "unit": "€"
    },
    "productPricePerUnit": {
      "value": 7.78,
      "unit": "€/kg"
    },
    "productPriceWithLoyaltyCard": null,
    "productPricePerUnitWithLoyaltyCard": null,
    "imageUrl": "https://cdn.barbora.lv/products/b9baf2ae-34e9-4b10-9d3b-515dab1b410d_s.png",
    "available": true,
    "discount": 11
  },
  {
    "shop": "RIMI",
    "categories": [
      2,
      2001,
      20010015
    ],
    "productName": "Sausbaranciņas ar vanilīnu glazētas 250g",
    "productPriceOld": null,
    "productPrice": {
      "value": 1.95,
      "unit": "€/gab"
    },
    "productPricePerUnit": {
      "value": 7.8,
      "unit": "€/kg"
    },
    "productPriceWithLoyaltyCard": null,
    "productPricePerUnitWithLoyaltyCard": null,
    "imageUrl": "https://rimibaltic-res.cloudinary.com/image/upload/d_ecommerce:backend-fallback.png/MAT_270158_PCE_LV",
    "available": true,
    "discount": null
  },
  {
    "shop": "MAXIMA",
    "categories": [
      2,
      2001,
      20010015
    ],
    "productName": "Sausiņi ar rozīnēm Liepkalni 200g",
    "productPriceOld": null,
    "productPrice": {
      "value": 1.56,
      "unit": "€"
    },
    "productPricePerUnit": {
      "value": 7.8,
      "unit": "€/kg"
    },
    "productPriceWithLoyaltyCard": null,
    "productPricePerUnitWithLoyaltyCard": null,
    "imageUrl": "https://cdn.barbora.lv/products/5c066c75-f2bc-439a-af76-51e0aa57d96a_s.png",
    "available": true,
    "discount": null
  },
  {
    "shop": "MAXIMA",
    "categories": [
      2,
      2001,
      20010015
    ],
    "productName": "Mazās sausbaran.ar vanilīnu glaz. 250g",
    "productPriceOld": null,
    "productPrice": {
      "value": 1.95,
      "unit": "€"
    },
    "productPricePerUnit": {
      "value": 7.8,
      "unit": "€/kg"
    },
    "productPriceWithLoyaltyCard": null,
    "productPricePerUnitWithLoyaltyCard": null,
    "imageUrl": "https://cdn.barbora.lv/products/4dab1c0a-1d08-4493-941e-b86fe74dbb41_s.png",
    "available": true,
    "discount": null
  },
  {
    "shop": "MAXIMA",
    "categories": [
      2,
      2001,
      20010015
    ],
    "productName": "Mini pica ar vistu tomātiem sīpoliem 165g",
    "productPriceOld": null,
    "productPrice": {
      "value": 1.29,
      "unit": "€"
    },
    "productPricePerUnit": {
      "value": 7.82,
      "unit": "€/kg"
    },
    "productPriceWithLoyaltyCard": null,
    "productPricePerUnitWithLoyaltyCard": null,
    "imageUrl": "https://cdn.barbora.lv/products/54a3f035-aaff-4a9c-a311-ac5967f9c54d_s.png",
    "available": true,
    "discount": null
  },
  {
    "shop": "MAXIMA",
    "categories": [
      2,
      2001,
      20010015
    ],
    "productName": "Mini pica ar šķiņķi un papriku 165g",
    "productPriceOld": null,
    "productPrice": {
      "value": 1.29,
      "unit": "€"
    },
    "productPricePerUnit": {
      "value": 7.82,
      "unit": "€/kg"
    },
    "productPriceWithLoyaltyCard": null,
    "productPricePerUnitWithLoyaltyCard": null,
    "imageUrl": "https://cdn.barbora.lv/products/a6d3e98c-f0ad-43a2-806e-cf4a2a887fd7_s.png",
    "available": true,
    "discount": null
  },
  {
    "shop": "RIMI",
    "categories": [
      1,
      1002,
      10010027
    ],
    "productName": "Dzēr. Tutas svētku dzēriens rabarberu 0,7L",
    "productPriceOld": null,
    "productPrice": {
      "value": 5.49,
      "unit": "€/gab"
    },
    "productPricePerUnit": {
      "value": 7.84,
      "unit": "€/l"
    },
    "productPriceWithLoyaltyCard": null,
    "productPricePerUnitWithLoyaltyCard": null,
    "imageUrl": "https://rimibaltic-res.cloudinary.com/image/upload/d_ecommerce:backend-fallback.png/MAT_1372185_PCE_LV",
    "available": true,
    "discount": null
  },
  {
    "shop": "RIMI",
    "categories": [
      1,
      1002,
      10010021
    ],
    "productName": "Limonāde Gardu Muti cidoniju zeltn. BIO 0,7l",
    "productPriceOld": null,
    "productPrice": {
      "value": 5.49,
      "unit": "€/gab"
    },
    "productPricePerUnit": {
      "value": 7.84,
      "unit": "€/l"
    },
    "productPriceWithLoyaltyCard": null,
    "productPricePerUnitWithLoyaltyCard": null,
    "imageUrl": "https://rimibaltic-res.cloudinary.com/image/upload/d_ecommerce:backend-fallback.png/MAT_1369143_PCE_LV",
    "available": true,
    "discount": null
  },
  {
    "shop": "MAXIMA",
    "categories": [
      1,
      1002,
      10010021
    ],
    "productName": "Gāz.dz.GARDU MUTI Bio cid.zelt.0,7L D",
    "productPriceOld": null,
    "productPrice": {
      "value": 5.49,
      "unit": "€"
    },
    "productPricePerUnit": {
      "value": 7.84,
      "unit": "€/l"
    },
    "productPriceWithLoyaltyCard": null,
    "productPricePerUnitWithLoyaltyCard": null,
    "imageUrl": "https://cdn.barbora.lv/products/6ec43688-5175-4fd5-aa62-91f896219d98_s.png",
    "available": true,
    "discount": null
  },
  {
    "shop": "MAXIMA",
    "categories": [
      1,
      1001,
      1001004
    ],
    "productName": "Gāz.d.GARDU MUTI TUTAS sv.dz.rab.0,7L D",
    "productPriceOld": null,
    "productPrice": {
      "value": 5.49,
      "unit": "€"
    },
    "productPricePerUnit": {
      "value": 7.84,
      "unit": "€/l"
    },
    "productPriceWithLoyaltyCard": null,
    "productPricePerUnitWithLoyaltyCard": null,
    "imageUrl": "https://cdn.barbora.lv/products/4f993976-198f-4562-ace3-2d68f14ef195_s.png",
    "available": true,
    "discount": null
  },
  {
    "shop": "MAXIMA",
    "categories": [
      2,
      2001,
      20010014
    ],
    "productName": "Maize Fokača ar zilo sieru 190g",
    "productPriceOld": null,
    "productPrice": {
      "value": 1.49,
      "unit": "€"
    },
    "productPricePerUnit": {
      "value": 7.84,
      "unit": "€/kg"
    },
    "productPriceWithLoyaltyCard": null,
    "productPricePerUnitWithLoyaltyCard": null,
    "imageUrl": "https://cdn.barbora.lv/products/a5cb0a82-3311-48d9-ba68-01eada7c9548_s.png",
    "available": true,
    "discount": null
  },
  {
    "shop": "MAXIMA",
    "categories": [
      1,
      1001,
      1001003
    ],
    "productName": "Dzirkstoš.vīns ALITA Pussauss 11% 0,75L",
    "productPriceOld": null,
    "productPrice": {
      "value": 5.89,
      "unit": "€"
    },
    "productPricePerUnit": {
      "value": 7.85,
      "unit": "€/l"
    },
    "productPriceWithLoyaltyCard": null,
    "productPricePerUnitWithLoyaltyCard": null,
    "imageUrl": "https://cdn.barbora.lv/products/91a0dcde-e597-4d7f-9a7a-03853e857abc_s.png",
    "available": true,
    "discount": null
  },
  {
    "shop": "MAXIMA",
    "categories": [
      1,
      1001,
      1001003
    ],
    "productName": "Vīns PRESTIGIUM ROUGE MOELL 10% 0,75L",
    "productPriceOld": null,
    "productPrice": {
      "value": 5.89,
      "unit": "€"
    },
    "productPricePerUnit": {
      "value": 7.85,
      "unit": "€/l"
    },
    "productPriceWithLoyaltyCard": null,
    "productPricePerUnitWithLoyaltyCard": null,
    "imageUrl": "https://cdn.barbora.lv/products/ff0bb6f4-908e-45ab-a838-e5b3b7829b74_s.png",
    "available": true,
    "discount": null
  },
  {
    "shop": "CITRO",
    "categories": [
      1,
      1001,
      1001005
    ],
    "productName": "ALK. KOKT. JACK DANIEL’S & COCA COLA 5% 0.33L",
    "productPriceOld": {
      "value": 2.99,
      "unit": "€"
    },
    "productPrice": {
      "value": 2.59,
      "unit": "€"
    },
    "productPricePerUnit": {
      "value": 7.85,
      "unit": "€/L"
    },
    "productPriceWithLoyaltyCard": null,
    "productPricePerUnitWithLoyaltyCard": null,
    "imageUrl": "https://rezekne.citro.lv/wp-content/uploads/2024/09/5099873003220-300x300.jpg",
    "available": true,
    "discount": 13
  },
  {
    "shop": "MAXIMA",
    "categories": [
      2,
      20010
    ],
    "productName": "Pīrādziņš ar cīsiņu gurķu-sinepju mērci 100g",
    "productPriceOld": null,
    "productPrice": {
      "value": 0.79,
      "unit": "€"
    },
    "productPricePerUnit": {
      "value": 7.9,
      "unit": "€/kg"
    },
    "productPriceWithLoyaltyCard": null,
    "productPricePerUnitWithLoyaltyCard": null,
    "imageUrl": "https://cdn.barbora.lv/products/58823fe6-2339-4232-934e-1b1927c895a1_s.png",
    "available": true,
    "discount": null
  },
  {
    "shop": "MAXIMA",
    "categories": [
      2,
      20011
    ],
    "productName": "Smalkmaizīte PUMPERNIĶELIS 100g",
    "productPriceOld": null,
    "productPrice": {
      "value": 0.79,
      "unit": "€"
    },
    "productPricePerUnit": {
      "value": 7.9,
      "unit": "€/kg"
    },
    "productPriceWithLoyaltyCard": null,
    "productPricePerUnitWithLoyaltyCard": null,
    "imageUrl": "https://cdn.barbora.lv/products/615cd546-ec9e-465a-a653-5520e5642493_s.png",
    "available": true,
    "discount": null
  },
  {
    "shop": "RIMI",
    "categories": [
      1,
      1002,
      10010020
    ],
    "productName": "Sula Select. by Rimi apels. ingv., čili 125ml",
    "productPriceOld": {
      "value": 1.99,
      "unit": "€"
    },
    "productPrice": {
      "value": 0.99,
      "unit": "€/gab"
    },
    "productPricePerUnit": {
      "value": 7.92,
      "unit": "€/l"
    },
    "productPriceWithLoyaltyCard": null,
    "productPricePerUnitWithLoyaltyCard": null,
    "imageUrl": "https://rimibaltic-res.cloudinary.com/image/upload/d_ecommerce:backend-fallback.png/MAT_815991_PCE_LV",
    "available": true,
    "discount": 50
  },
  {
    "shop": "MAXIMA",
    "categories": [
      1,
      1002,
      10010026
    ],
    "productName": "Maize Bagete ar sieru 125g",
    "productPriceOld": null,
    "productPrice": {
      "value": 0.99,
      "unit": "€"
    },
    "productPricePerUnit": {
      "value": 7.92,
      "unit": "€/kg"
    },
    "productPriceWithLoyaltyCard": null,
    "productPricePerUnitWithLoyaltyCard": null,
    "imageUrl": "https://cdn.barbora.lv/products/f39adeed-007f-4e95-9c72-3e4562e2257a_s.png",
    "available": true,
    "discount": null
  },
  {
    "shop": "RIMI",
    "categories": [
      1,
      1001,
      1001002
    ],
    "productName": "Sidrs Tālavas ar marakuju 5% 0,44L",
    "productPriceOld": null,
    "productPrice": {
      "value": 3.49,
      "unit": "€/gab"
    },
    "productPricePerUnit": {
      "value": 7.93,
      "unit": "€/l"
    },
    "productPriceWithLoyaltyCard": null,
    "productPricePerUnitWithLoyaltyCard": null,
    "imageUrl": "https://rimibaltic-res.cloudinary.com/image/upload/d_ecommerce:backend-fallback.png/MAT_1371810_PCE_LV",
    "available": true,
    "discount": null
  },
  {
    "shop": "RIMI",
    "categories": [
      1,
      1001,
      1001002
    ],
    "productName": "Sidrs Tālavas ķiršu - rabarberu 4,5% 0,44L",
    "productPriceOld": null,
    "productPrice": {
      "value": 3.49,
      "unit": "€/gab"
    },
    "productPricePerUnit": {
      "value": 7.93,
      "unit": "€/l"
    },
    "productPriceWithLoyaltyCard": null,
    "productPricePerUnitWithLoyaltyCard": null,
    "imageUrl": "https://rimibaltic-res.cloudinary.com/image/upload/d_ecommerce:backend-fallback.png/MAT_1371811_PCE_LV",
    "available": true,
    "discount": null
  },
  {
    "shop": "RIMI",
    "categories": [
      1,
      1001,
      1001001
    ],
    "productName": "Alus Labietis Gaismas Ragana 8% 0,44l",
    "productPriceOld": null,
    "productPrice": {
      "value": 3.49,
      "unit": "€/gab"
    },
    "productPricePerUnit": {
      "value": 7.93,
      "unit": "€/l"
    },
    "productPriceWithLoyaltyCard": null,
    "productPricePerUnitWithLoyaltyCard": null,
    "imageUrl": "https://rimibaltic-res.cloudinary.com/image/upload/d_ecommerce:backend-fallback.png/MAT_7298235_PCE_LV",
    "available": true,
    "discount": null
  },
  {
    "shop": "MAXIMA",
    "categories": [
      1,
      1001,
      1001002
    ],
    "productName": "Sidrs TĀLAVAS ābolu ar marakuju 5% 0,44L D",
    "productPriceOld": null,
    "productPrice": {
      "value": 3.49,
      "unit": "€"
    },
    "productPricePerUnit": {
      "value": 7.93,
      "unit": "€/l"
    },
    "productPriceWithLoyaltyCard": null,
    "productPricePerUnitWithLoyaltyCard": null,
    "imageUrl": "https://cdn.barbora.lv/products/dbc648c2-6e15-43f9-99bb-c10837f858bd_s.png",
    "available": true,
    "discount": null
  },
  {
    "shop": "MAXIMA",
    "categories": [
      1,
      1001,
      1001002
    ],
    "productName": "Sidrs TĀLAVAS ābolu ķiršu rabarberu 4,5% 440ml D",
    "productPriceOld": null,
    "productPrice": {
      "value": 3.49,
      "unit": "€"
    },
    "productPricePerUnit": {
      "value": 7.93,
      "unit": "€/l"
    },
    "productPriceWithLoyaltyCard": null,
    "productPricePerUnitWithLoyaltyCard": null,
    "imageUrl": "https://cdn.barbora.lv/products/abacefdf-e22b-40cc-b932-1d67d08934d0_s.png",
    "available": true,
    "discount": null
  },
  {
    "shop": "MAXIMA",
    "categories": [
      1,
      1001,
      1001003
    ],
    "productName": "Vīns GRAN MIRADOR Red Blend 13% 0,75L",
    "productPriceOld": {
      "value": 8.88,
      "unit": "€"
    },
    "productPrice": {
      "value": 8.88,
      "unit": "€"
    },
    "productPricePerUnit": {
      "value": 11.84,
      "unit": "€/l"
    },
    "productPriceWithLoyaltyCard": {
      "value": 5.95,
      "unit": "€"
    },
    "productPricePerUnitWithLoyaltyCard": {
      "value": 7.93,
      "unit": "€/l"
    },
    "imageUrl": "https://cdn.barbora.lv/products/a2593ba7-25f3-45cf-8c3d-baa0b8b3f83c_s.png",
    "available": true,
    "discount": 33
  },
  {
    "shop": "MAXIMA",
    "categories": [
      1,
      1001,
      1001003
    ],
    "productName": "Vīns GRAN MIRADOR Dark Blend 13% 750ml",
    "productPriceOld": {
      "value": 8.88,
      "unit": "€"
    },
    "productPrice": {
      "value": 8.88,
      "unit": "€"
    },
    "productPricePerUnit": {
      "value": 11.84,
      "unit": "€/l"
    },
    "productPriceWithLoyaltyCard": {
      "value": 5.95,
      "unit": "€"
    },
    "productPricePerUnitWithLoyaltyCard": {
      "value": 7.93,
      "unit": "€/l"
    },
    "imageUrl": "https://cdn.barbora.lv/products/50720a0d-34b8-466f-9c9a-da9f848ad117_s.png",
    "available": true,
    "discount": 33
  },
  {
    "shop": "MAXIMA",
    "categories": [
      1,
      1001,
      1001003
    ],
    "productName": "Dzirkst.vīns TORLEY CHARMANT 11,5% 0,2L",
    "productPriceOld": {
      "value": 2.57,
      "unit": "€"
    },
    "productPrice": {
      "value": 2.57,
      "unit": "€"
    },
    "productPricePerUnit": {
      "value": 12.85,
      "unit": "€/l"
    },
    "productPriceWithLoyaltyCard": {
      "value": 1.59,
      "unit": "€"
    },
    "productPricePerUnitWithLoyaltyCard": {
      "value": 7.95,
      "unit": "€/l"
    },
    "imageUrl": "https://cdn.barbora.lv/products/67abcb7c-1e92-4cdd-88a9-56aa0624aa8e_s.png",
    "available": true,
    "discount": 38
  },
  {
    "shop": "MAXIMA",
    "categories": [
      2,
      2001,
      2001007
    ],
    "productName": "Sausbaranciņas kliju ar sorbītu 200g",
    "productPriceOld": null,
    "productPrice": {
      "value": 1.59,
      "unit": "€"
    },
    "productPricePerUnit": {
      "value": 7.95,
      "unit": "€/kg"
    },
    "productPriceWithLoyaltyCard": null,
    "productPricePerUnitWithLoyaltyCard": null,
    "imageUrl": "https://cdn.barbora.lv/products/d9d0fb2e-9b9d-4923-97b7-75a95932daeb_s.png",
    "available": true,
    "discount": null
  },
  {
    "shop": "RIMI",
    "categories": [
      2,
      2005
    ],
    "productName": "Štricele Dona šokolādes 250g",
    "productPriceOld": null,
    "productPrice": {
      "value": 1.99,
      "unit": "€/gab"
    },
    "productPricePerUnit": {
      "value": 7.96,
      "unit": "€/kg"
    },
    "productPriceWithLoyaltyCard": null,
    "productPricePerUnitWithLoyaltyCard": null,
    "imageUrl": "https://rimibaltic-res.cloudinary.com/image/upload/d_ecommerce:backend-fallback.png/MAT_980787_PCE_LV",
    "available": true,
    "discount": null
  },
  {
    "shop": "RIMI",
    "categories": [
      1,
      1002,
      10010025
    ],
    "productName": "Sīrups I Love Eco upeņu 500ml",
    "productPriceOld": null,
    "productPrice": {
      "value": 4.79,
      "unit": "€/gab"
    },
    "productPricePerUnit": {
      "value": 9.58,
      "unit": "€/l"
    },
    "productPriceWithLoyaltyCard": {
      "value": 3.99,
      "unit": "€"
    },
    "productPricePerUnitWithLoyaltyCard": {
      "value": 7.98,
      "unit": "€/l"
    },
    "imageUrl": "https://rimibaltic-res.cloudinary.com/image/upload/d_ecommerce:backend-fallback.png/MAT_141215_PCE_LV",
    "available": true,
    "discount": 17
  },
  {
    "shop": "RIMI",
    "categories": [
      1,
      1002,
      10010025
    ],
    "productName": "Sīrups Very Berry cidoniju 0.5l",
    "productPriceOld": {
      "value": 4.49,
      "unit": "€"
    },
    "productPrice": {
      "value": 3.99,
      "unit": "€/gab"
    },
    "productPricePerUnit": {
      "value": 7.98,
      "unit": "€/l"
    },
    "productPriceWithLoyaltyCard": null,
    "productPricePerUnitWithLoyaltyCard": null,
    "imageUrl": "https://rimibaltic-res.cloudinary.com/image/upload/d_ecommerce:backend-fallback.png/MAT_158057_PCE_LV",
    "available": true,
    "discount": 11
  },
  {
    "shop": "RIMI",
    "categories": [
      1,
      1002,
      10010025
    ],
    "productName": "Sīrups I Love Eco zemeņu 500ml",
    "productPriceOld": null,
    "productPrice": {
      "value": 4.79,
      "unit": "€/gab"
    },
    "productPricePerUnit": {
      "value": 9.58,
      "unit": "€/l"
    },
    "productPriceWithLoyaltyCard": {
      "value": 3.99,
      "unit": "€"
    },
    "productPricePerUnitWithLoyaltyCard": {
      "value": 7.98,
      "unit": "€/l"
    },
    "imageUrl": "https://rimibaltic-res.cloudinary.com/image/upload/d_ecommerce:backend-fallback.png/MAT_141216_PCE_LV",
    "available": true,
    "discount": 17
  },
  {
    "shop": "RIMI",
    "categories": [
      1,
      1002,
      10010021
    ],
    "productName": "Dzēriens Fentimans Indian Toniks gāzēts 0,5l",
    "productPriceOld": null,
    "productPrice": {
      "value": 3.99,
      "unit": "€/gab"
    },
    "productPricePerUnit": {
      "value": 7.98,
      "unit": "€/l"
    },
    "productPriceWithLoyaltyCard": null,
    "productPricePerUnitWithLoyaltyCard": null,
    "imageUrl": "https://rimibaltic-res.cloudinary.com/image/upload/d_ecommerce:backend-fallback.png/MAT_1364242_PCE_LV",
    "available": true,
    "discount": null
  },
  {
    "shop": "RIMI",
    "categories": [
      1,
      1002,
      10010021
    ],
    "productName": "Toniks Fentiman Pink Grapefruit 0,5L",
    "productPriceOld": null,
    "productPrice": {
      "value": 3.99,
      "unit": "€/gab"
    },
    "productPricePerUnit": {
      "value": 7.98,
      "unit": "€/l"
    },
    "productPriceWithLoyaltyCard": null,
    "productPricePerUnitWithLoyaltyCard": null,
    "imageUrl": "https://rimibaltic-res.cloudinary.com/image/upload/d_ecommerce:backend-fallback.png/MAT_1364243_PCE_LV",
    "available": true,
    "discount": null
  },
  {
    "shop": "RIMI",
    "categories": [
      1,
      1002,
      10010021
    ],
    "productName": "Toniks Fentiman Connoisseurs 0,5L",
    "productPriceOld": null,
    "productPrice": {
      "value": 3.99,
      "unit": "€/gab"
    },
    "productPricePerUnit": {
      "value": 7.98,
      "unit": "€/l"
    },
    "productPriceWithLoyaltyCard": null,
    "productPricePerUnitWithLoyaltyCard": null,
    "imageUrl": "https://rimibaltic-res.cloudinary.com/image/upload/d_ecommerce:backend-fallback.png/MAT_1369154_PCE_LV",
    "available": true,
    "discount": null
  },
  {
    "shop": "RIMI",
    "categories": [
      1,
      1001,
      1001002
    ],
    "productName": "Sidrs Henry Westons Vintage Rose 5,5% 0,5l",
    "productPriceOld": null,
    "productPrice": {
      "value": 3.99,
      "unit": "€/gab"
    },
    "productPricePerUnit": {
      "value": 7.98,
      "unit": "€/l"
    },
    "productPriceWithLoyaltyCard": null,
    "productPricePerUnitWithLoyaltyCard": null,
    "imageUrl": "https://rimibaltic-res.cloudinary.com/image/upload/d_ecommerce:backend-fallback.png/MAT_1373127_PCE_LV",
    "available": true,
    "discount": null
  },
  {
    "shop": "MAXIMA",
    "categories": [
      1,
      1002,
      10010021
    ],
    "productName": "Gāzēts dzēriens FENTIMANS PINK GRAPEFRUIT TONIC 0,5L D",
    "productPriceOld": null,
    "productPrice": {
      "value": 3.99,
      "unit": "€"
    },
    "productPricePerUnit": {
      "value": 7.98,
      "unit": "€/l"
    },
    "productPriceWithLoyaltyCard": null,
    "productPricePerUnitWithLoyaltyCard": null,
    "imageUrl": "https://cdn.barbora.lv/products/d97e5916-643d-4de6-86a6-e9348f2ce764_s.png",
    "available": true,
    "discount": null
  },
  {
    "shop": "MAXIMA",
    "categories": [
      1,
      1002,
      10010021
    ],
    "productName": "Gāzēts dzēriens FENTIMANS PREMIUM TONIC 0,5L D",
    "productPriceOld": null,
    "productPrice": {
      "value": 3.99,
      "unit": "€"
    },
    "productPricePerUnit": {
      "value": 7.98,
      "unit": "€/l"
    },
    "productPriceWithLoyaltyCard": null,
    "productPricePerUnitWithLoyaltyCard": null,
    "imageUrl": "https://cdn.barbora.lv/products/e9fede62-335e-4027-9875-c3c4b0426044_s.png",
    "available": true,
    "discount": null
  },
  {
    "shop": "MAXIMA",
    "categories": [
      1,
      1001,
      1001002
    ],
    "productName": "Sidrs HENRY WESTONS Med.Sw. 4,5% 500ml D",
    "productPriceOld": null,
    "productPrice": {
      "value": 3.99,
      "unit": "€"
    },
    "productPricePerUnit": {
      "value": 7.98,
      "unit": "€/l"
    },
    "productPriceWithLoyaltyCard": null,
    "productPricePerUnitWithLoyaltyCard": null,
    "imageUrl": "https://cdn.barbora.lv/products/dde662e1-bfe8-4575-bef7-54dd44d5c113_s.png",
    "available": true,
    "discount": null
  },
  {
    "shop": "MAXIMA",
    "categories": [
      1,
      1001,
      1001002
    ],
    "productName": "Sidrs HENRY WESTONS Rose 5,5% 500ml D",
    "productPriceOld": null,
    "productPrice": {
      "value": 3.99,
      "unit": "€"
    },
    "productPricePerUnit": {
      "value": 7.98,
      "unit": "€/l"
    },
    "productPriceWithLoyaltyCard": null,
    "productPricePerUnitWithLoyaltyCard": null,
    "imageUrl": "https://cdn.barbora.lv/products/e5ef6242-800d-4b4b-a2c6-f318e8b2c3d8_s.png",
    "available": true,
    "discount": null
  },
  {
    "shop": "MAXIMA",
    "categories": [
      1,
      1001,
      1001003
    ],
    "productName": "Vīns TRAPICHE Malbec 13% 0,75L",
    "productPriceOld": {
      "value": 9.31,
      "unit": "€"
    },
    "productPrice": {
      "value": 9.31,
      "unit": "€"
    },
    "productPricePerUnit": {
      "value": 12.41,
      "unit": "€/l"
    },
    "productPriceWithLoyaltyCard": {
      "value": 5.99,
      "unit": "€"
    },
    "productPricePerUnitWithLoyaltyCard": {
      "value": 7.98,
      "unit": "€/l"
    },
    "imageUrl": "https://cdn.barbora.lv/products/d01edf8b-0e6d-46b2-8744-488903117f73_s.png",
    "available": true,
    "discount": 36
  },
  {
    "shop": "MAXIMA",
    "categories": [
      1,
      1001,
      1001003
    ],
    "productName": "Vīns TRAPICHE Sauv.Blanc 13% 0,75L",
    "productPriceOld": {
      "value": 9.61,
      "unit": "€"
    },
    "productPrice": {
      "value": 9.61,
      "unit": "€"
    },
    "productPricePerUnit": {
      "value": 12.81,
      "unit": "€/l"
    },
    "productPriceWithLoyaltyCard": {
      "value": 5.99,
      "unit": "€"
    },
    "productPricePerUnitWithLoyaltyCard": {
      "value": 7.98,
      "unit": "€/l"
    },
    "imageUrl": "https://cdn.barbora.lv/products/dbbe3e15-5616-4bc8-b155-9175d74d4d44_s.png",
    "available": true,
    "discount": 38
  },
  {
    "shop": "MAXIMA",
    "categories": [
      1,
      1001,
      1001003
    ],
    "productName": "Vīns BLUE NUN ORIGINAL 10% 0,75L",
    "productPriceOld": {
      "value": 9.52,
      "unit": "€"
    },
    "productPrice": {
      "value": 9.52,
      "unit": "€"
    },
    "productPricePerUnit": {
      "value": 12.69,
      "unit": "€/l"
    },
    "productPriceWithLoyaltyCard": {
      "value": 5.99,
      "unit": "€"
    },
    "productPricePerUnitWithLoyaltyCard": {
      "value": 7.98,
      "unit": "€/l"
    },
    "imageUrl": "https://cdn.barbora.lv/products/bbf35826-df47-4225-b86a-96f3475d5237_s.png",
    "available": true,
    "discount": 37
  },
  {
    "shop": "MAXIMA",
    "categories": [
      2,
      2001,
      20010015
    ],
    "productName": "Uzkoda Čebureks 124g atkausēts",
    "productPriceOld": null,
    "productPrice": {
      "value": 0.99,
      "unit": "€"
    },
    "productPricePerUnit": {
      "value": 7.98,
      "unit": "€/kg"
    },
    "productPriceWithLoyaltyCard": null,
    "productPricePerUnitWithLoyaltyCard": null,
    "imageUrl": "https://cdn.barbora.lv/products/b643f190-93cc-48f1-8712-09290f9cd585_s.png",
    "available": true,
    "discount": null
  },
  {
    "shop": "RIMI",
    "categories": [
      2,
      2001,
      20010015
    ],
    "productName": "Ķiploku grauzdiņi kg",
    "productPriceOld": null,
    "productPrice": {
      "value": 7.99,
      "unit": "€/kg"
    },
    "productPricePerUnit": {
      "value": 7.99,
      "unit": "€/kg"
    },
    "productPriceWithLoyaltyCard": null,
    "productPricePerUnitWithLoyaltyCard": null,
    "imageUrl": "https://rimibaltic-res.cloudinary.com/image/upload/d_ecommerce:backend-fallback.png/MAT_232689_KGM_LV",
    "available": true,
    "discount": null
  },
  {
    "shop": "RIMI",
    "categories": [
      2,
      2001,
      20010015
    ],
    "productName": "Smilšu mīkla kg",
    "productPriceOld": null,
    "productPrice": {
      "value": 7.99,
      "unit": "€/kg"
    },
    "productPricePerUnit": {
      "value": 7.99,
      "unit": "€/kg"
    },
    "productPriceWithLoyaltyCard": null,
    "productPricePerUnitWithLoyaltyCard": null,
    "imageUrl": "https://rimibaltic-res.cloudinary.com/image/upload/d_ecommerce:backend-fallback.png/MAT_225588_KGM_LV",
    "available": true,
    "discount": null
  },
  {
    "shop": "RIMI",
    "categories": [
      1,
      1003,
      1003003
    ],
    "productName": "Bezalkoholisks vīns Ruppertsberger Zero 0,75l",
    "productPriceOld": null,
    "productPrice": {
      "value": 9.99,
      "unit": "€/gab"
    },
    "productPricePerUnit": {
      "value": 13.32,
      "unit": "€/l"
    },
    "productPriceWithLoyaltyCard": {
      "value": 5.99,
      "unit": "€"
    },
    "productPricePerUnitWithLoyaltyCard": {
      "value": 7.99,
      "unit": "€/l"
    },
    "imageUrl": "https://rimibaltic-res.cloudinary.com/image/upload/d_ecommerce:backend-fallback.png/MAT_1366682_PCE_LV",
    "available": true,
    "discount": 40
  },
  {
    "shop": "RIMI",
    "categories": [
      1,
      1003,
      1003004
    ],
    "productName": "Dz. vīns bezalk. Bosca Anniversary Gold 0,75l",
    "productPriceOld": null,
    "productPrice": {
      "value": 5.99,
      "unit": "€/gab"
    },
    "productPricePerUnit": {
      "value": 7.99,
      "unit": "€/l"
    },
    "productPriceWithLoyaltyCard": null,
    "productPricePerUnitWithLoyaltyCard": null,
    "imageUrl": "https://rimibaltic-res.cloudinary.com/image/upload/d_ecommerce:backend-fallback.png/MAT_192321_PCE_LV",
    "available": true,
    "discount": null
  },
  {
    "shop": "RIMI",
    "categories": [
      1,
      1001,
      1001003
    ],
    "productName": "S.v. Carlo Rossi saldais 9.5% 0.75l",
    "productPriceOld": null,
    "productPrice": {
      "value": 7.99,
      "unit": "€/gab"
    },
    "productPricePerUnit": {
      "value": 10.65,
      "unit": "€/l"
    },
    "productPriceWithLoyaltyCard": {
      "value": 5.99,
      "unit": "€"
    },
    "productPricePerUnitWithLoyaltyCard": {
      "value": 7.99,
      "unit": "€/l"
    },
    "imageUrl": "https://rimibaltic-res.cloudinary.com/image/upload/d_ecommerce:backend-fallback.png/MAT_7043172_PCE_LV",
    "available": true,
    "discount": 25
  },
  {
    "shop": "RIMI",
    "categories": [
      1,
      1001,
      1001003
    ],
    "productName": "B.v. Carlo Rossi Moscato Sweet 9,5% 0,75l",
    "productPriceOld": null,
    "productPrice": {
      "value": 8.39,
      "unit": "€/gab"
    },
    "productPricePerUnit": {
      "value": 11.19,
      "unit": "€/l"
    },
    "productPriceWithLoyaltyCard": {
      "value": 5.99,
      "unit": "€"
    },
    "productPricePerUnitWithLoyaltyCard": {
      "value": 7.99,
      "unit": "€/l"
    },
    "imageUrl": "https://rimibaltic-res.cloudinary.com/image/upload/d_ecommerce:backend-fallback.png/MAT_7185127_PCE_LV",
    "available": true,
    "discount": 29
  },
  {
    "shop": "RIMI",
    "categories": [
      1,
      1001,
      1001003
    ],
    "productName": "B.v. Ruppertsberger Riesling 11% 0,75l",
    "productPriceOld": null,
    "productPrice": {
      "value": 11.25,
      "unit": "€/gab"
    },
    "productPricePerUnit": {
      "value": 15,
      "unit": "€/l"
    },
    "productPriceWithLoyaltyCard": {
      "value": 5.99,
      "unit": "€"
    },
    "productPricePerUnitWithLoyaltyCard": {
      "value": 7.99,
      "unit": "€/l"
    },
    "imageUrl": "https://rimibaltic-res.cloudinary.com/image/upload/d_ecommerce:backend-fallback.png/MAT_7068225_PCE_LV",
    "available": true,
    "discount": 47
  },
  {
    "shop": "RIMI",
    "categories": [
      1,
      1001,
      1001003
    ],
    "productName": "S.v.Ancien Temps Merlot Cab. 13,5% 0,75l",
    "productPriceOld": null,
    "productPrice": {
      "value": 10.25,
      "unit": "€/gab"
    },
    "productPricePerUnit": {
      "value": 13.67,
      "unit": "€/l"
    },
    "productPriceWithLoyaltyCard": {
      "value": 5.99,
      "unit": "€"
    },
    "productPricePerUnitWithLoyaltyCard": {
      "value": 7.99,
      "unit": "€/l"
    },
    "imageUrl": "https://rimibaltic-res.cloudinary.com/image/upload/d_ecommerce:backend-fallback.png/MAT_7148226_PCE_LV",
    "available": true,
    "discount": 42
  },
  {
    "shop": "RIMI",
    "categories": [
      1,
      1001,
      1001003
    ],
    "productName": "B.v. Ruppertsberger Gewürzt. 11% 0,75l",
    "productPriceOld": null,
    "productPrice": {
      "value": 11.25,
      "unit": "€/gab"
    },
    "productPricePerUnit": {
      "value": 15,
      "unit": "€/l"
    },
    "productPriceWithLoyaltyCard": {
      "value": 5.99,
      "unit": "€"
    },
    "productPricePerUnitWithLoyaltyCard": {
      "value": 7.99,
      "unit": "€/l"
    },
    "imageUrl": "https://rimibaltic-res.cloudinary.com/image/upload/d_ecommerce:backend-fallback.png/MAT_7086406_PCE_LV",
    "available": true,
    "discount": 47
  },
  {
    "shop": "RIMI",
    "categories": [
      1,
      1001,
      1001003
    ],
    "productName": "B.v. Ruppertsberger Gewürzt. 11% 0,75l",
    "productPriceOld": null,
    "productPrice": {
      "value": 11.25,
      "unit": "€/gab"
    },
    "productPricePerUnit": {
      "value": 15,
      "unit": "€/l"
    },
    "productPriceWithLoyaltyCard": {
      "value": 5.99,
      "unit": "€"
    },
    "productPricePerUnitWithLoyaltyCard": {
      "value": 7.99,
      "unit": "€/l"
    },
    "imageUrl": "https://rimibaltic-res.cloudinary.com/image/upload/d_ecommerce:backend-fallback.png/MAT_7086406_PCE_LV",
    "available": true,
    "discount": 47
  },
  {
    "shop": "RIMI",
    "categories": [
      1,
      1001,
      1001003
    ],
    "productName": "B.v.Ruppertsber. Riesl.Troc. 12,5% 0,75l",
    "productPriceOld": null,
    "productPrice": {
      "value": 11.25,
      "unit": "€/gab"
    },
    "productPricePerUnit": {
      "value": 15,
      "unit": "€/l"
    },
    "productPriceWithLoyaltyCard": {
      "value": 5.99,
      "unit": "€"
    },
    "productPricePerUnitWithLoyaltyCard": {
      "value": 7.99,
      "unit": "€/l"
    },
    "imageUrl": "https://rimibaltic-res.cloudinary.com/image/upload/d_ecommerce:backend-fallback.png/MAT_7108671_PCE_LV",
    "available": true,
    "discount": 47
  },
  {
    "shop": "RIMI",
    "categories": [
      1,
      1001,
      1001003
    ],
    "productName": "B.v. Ancien Temps Sauvignon 11,5% 0,75l",
    "productPriceOld": null,
    "productPrice": {
      "value": 10.25,
      "unit": "€/gab"
    },
    "productPricePerUnit": {
      "value": 13.67,
      "unit": "€/l"
    },
    "productPriceWithLoyaltyCard": {
      "value": 5.99,
      "unit": "€"
    },
    "productPricePerUnitWithLoyaltyCard": {
      "value": 7.99,
      "unit": "€/l"
    },
    "imageUrl": "https://rimibaltic-res.cloudinary.com/image/upload/d_ecommerce:backend-fallback.png/MAT_7148205_PCE_LV",
    "available": true,
    "discount": 42
  },
  {
    "shop": "RIMI",
    "categories": [
      1,
      1001,
      1001003
    ],
    "productName": "Rozā v. Anciens Temps Cinsault 12% 0,75l",
    "productPriceOld": null,
    "productPrice": {
      "value": 10.25,
      "unit": "€/gab"
    },
    "productPricePerUnit": {
      "value": 13.67,
      "unit": "€/l"
    },
    "productPriceWithLoyaltyCard": {
      "value": 5.99,
      "unit": "€"
    },
    "productPricePerUnitWithLoyaltyCard": {
      "value": 7.99,
      "unit": "€/l"
    },
    "imageUrl": "https://rimibaltic-res.cloudinary.com/image/upload/d_ecommerce:backend-fallback.png/MAT_7188673_PCE_LV",
    "available": true,
    "discount": 42
  },
  {
    "shop": "RIMI",
    "categories": [
      1,
      1001,
      1001003
    ],
    "productName": "B.v. L.Eschenauer Chard.13.5% 0,75l",
    "productPriceOld": null,
    "productPrice": {
      "value": 10.25,
      "unit": "€/gab"
    },
    "productPricePerUnit": {
      "value": 13.67,
      "unit": "€/l"
    },
    "productPriceWithLoyaltyCard": {
      "value": 5.99,
      "unit": "€"
    },
    "productPricePerUnitWithLoyaltyCard": {
      "value": 7.99,
      "unit": "€/l"
    },
    "imageUrl": "https://rimibaltic-res.cloudinary.com/image/upload/d_ecommerce:backend-fallback.png/MAT_105054_PCE_LV",
    "available": true,
    "discount": 42
  },
  {
    "shop": "RIMI",
    "categories": [
      1,
      1001,
      1001003
    ],
    "productName": "S.v. Rupper. Pfalz Pin. Noir 13% 0,75l",
    "productPriceOld": null,
    "productPrice": {
      "value": 11.25,
      "unit": "€/gab"
    },
    "productPricePerUnit": {
      "value": 15,
      "unit": "€/l"
    },
    "productPriceWithLoyaltyCard": {
      "value": 5.99,
      "unit": "€"
    },
    "productPricePerUnitWithLoyaltyCard": {
      "value": 7.99,
      "unit": "€/l"
    },
    "imageUrl": "https://rimibaltic-res.cloudinary.com/image/upload/d_ecommerce:backend-fallback.png/MAT_7194093_PCE_LV",
    "available": true,
    "discount": 47
  },
  {
    "shop": "RIMI",
    "categories": [
      1,
      1001,
      1001003
    ],
    "productName": "B.v.Ruppertsberg. Pinot Blank 12,5% 0,75l",
    "productPriceOld": null,
    "productPrice": {
      "value": 11.25,
      "unit": "€/gab"
    },
    "productPricePerUnit": {
      "value": 15,
      "unit": "€/l"
    },
    "productPriceWithLoyaltyCard": {
      "value": 5.99,
      "unit": "€"
    },
    "productPricePerUnitWithLoyaltyCard": {
      "value": 7.99,
      "unit": "€/l"
    },
    "imageUrl": "https://rimibaltic-res.cloudinary.com/image/upload/d_ecommerce:backend-fallback.png/MAT_7108680_PCE_LV",
    "available": true,
    "discount": 47
  },
  {
    "shop": "RIMI",
    "categories": [
      1,
      1001,
      1001003
    ],
    "productName": "S.v.L.Eschenauer Cabern.Sauv. 13,5% 0,75l",
    "productPriceOld": null,
    "productPrice": {
      "value": 10.25,
      "unit": "€/gab"
    },
    "productPricePerUnit": {
      "value": 13.67,
      "unit": "€/l"
    },
    "productPriceWithLoyaltyCard": {
      "value": 5.99,
      "unit": "€"
    },
    "productPricePerUnitWithLoyaltyCard": {
      "value": 7.99,
      "unit": "€/l"
    },
    "imageUrl": "https://rimibaltic-res.cloudinary.com/image/upload/d_ecommerce:backend-fallback.png/MAT_101596_PCE_LV",
    "available": true,
    "discount": 42
  },
  {
    "shop": "RIMI",
    "categories": [
      1,
      1001,
      1001003
    ],
    "productName": "B.v. Carlo Rossi 9.5% 0,75l",
    "productPriceOld": null,
    "productPrice": {
      "value": 8.99,
      "unit": "€/gab"
    },
    "productPricePerUnit": {
      "value": 11.99,
      "unit": "€/l"
    },
    "productPriceWithLoyaltyCard": {
      "value": 5.99,
      "unit": "€"
    },
    "productPricePerUnitWithLoyaltyCard": {
      "value": 7.99,
      "unit": "€/l"
    },
    "imageUrl": "https://rimibaltic-res.cloudinary.com/image/upload/d_ecommerce:backend-fallback.png/MAT_101524_PCE_LV",
    "available": true,
    "discount": 33
  },
  {
    "shop": "RIMI",
    "categories": [
      1,
      1001,
      1001003
    ],
    "productName": "R.v. Ruppertsberger Pfalz 11% 0,75l",
    "productPriceOld": null,
    "productPrice": {
      "value": 11.25,
      "unit": "€/gab"
    },
    "productPricePerUnit": {
      "value": 15,
      "unit": "€/l"
    },
    "productPriceWithLoyaltyCard": {
      "value": 5.99,
      "unit": "€"
    },
    "productPricePerUnitWithLoyaltyCard": {
      "value": 7.99,
      "unit": "€/l"
    },
    "imageUrl": "https://rimibaltic-res.cloudinary.com/image/upload/d_ecommerce:backend-fallback.png/MAT_7194092_PCE_LV",
    "available": true,
    "discount": 47
  },
  {
    "shop": "MAXIMA",
    "categories": [
      1,
      1002,
      10010020
    ],
    "productName": "Sula avokado svaiga 750ml D",
    "productPriceOld": null,
    "productPrice": {
      "value": 5.99,
      "unit": "€"
    },
    "productPricePerUnit": {
      "value": 7.99,
      "unit": "€/l"
    },
    "productPriceWithLoyaltyCard": null,
    "productPricePerUnitWithLoyaltyCard": null,
    "imageUrl": "https://cdn.barbora.lv/products/73a43aff-9ebe-475b-9ad9-8db7e3289b5b_s.png",
    "available": true,
    "discount": null
  },
  {
    "shop": "MAXIMA",
    "categories": [
      1,
      1001,
      1001003
    ],
    "productName": "Vīns TRAPICHE Chardonnay 13% 0,75L",
    "productPriceOld": {
      "value": 8.28,
      "unit": "€"
    },
    "productPrice": {
      "value": 8.28,
      "unit": "€"
    },
    "productPricePerUnit": {
      "value": 11.04,
      "unit": "€/l"
    },
    "productPriceWithLoyaltyCard": {
      "value": 5.99,
      "unit": "€"
    },
    "productPricePerUnitWithLoyaltyCard": {
      "value": 7.99,
      "unit": "€/l"
    },
    "imageUrl": "https://cdn.barbora.lv/products/a4b61774-4c87-4d08-a791-2031a68a4b02_s.png",
    "available": true,
    "discount": 28
  },
  {
    "shop": "MAXIMA",
    "categories": [
      1,
      1001,
      1001003
    ],
    "productName": "Vīns ABAVAS Rabarb.pussaldais 12% 0,75L",
    "productPriceOld": {
      "value": 11.19,
      "unit": "€"
    },
    "productPrice": {
      "value": 11.19,
      "unit": "€"
    },
    "productPricePerUnit": {
      "value": 14.92,
      "unit": "€/l"
    },
    "productPriceWithLoyaltyCard": {
      "value": 5.99,
      "unit": "€"
    },
    "productPricePerUnitWithLoyaltyCard": {
      "value": 7.99,
      "unit": "€/l"
    },
    "imageUrl": "https://cdn.barbora.lv/products/726d6b97-096f-4508-872b-5ce05f1c9299_s.png",
    "available": true,
    "discount": 46
  },
  {
    "shop": "MAXIMA",
    "categories": [
      1,
      1001,
      1001003
    ],
    "productName": "Dzirkstošais vīns ALITA Sweet 11% 0,75L",
    "productPriceOld": null,
    "productPrice": {
      "value": 5.99,
      "unit": "€"
    },
    "productPricePerUnit": {
      "value": 7.99,
      "unit": "€/l"
    },
    "productPriceWithLoyaltyCard": null,
    "productPricePerUnitWithLoyaltyCard": null,
    "imageUrl": "https://cdn.barbora.lv/products/5526ab29-6f1d-4e29-a6db-c3f95b718402_s.png",
    "available": true,
    "discount": null
  },
  {
    "shop": "MAXIMA",
    "categories": [
      1,
      1001,
      1001003
    ],
    "productName": "Vīns J.P.CHENET Moelleux Blanc 11% 0,75L",
    "productPriceOld": {
      "value": 8.39,
      "unit": "€"
    },
    "productPrice": {
      "value": 8.39,
      "unit": "€"
    },
    "productPricePerUnit": {
      "value": 11.19,
      "unit": "€/l"
    },
    "productPriceWithLoyaltyCard": {
      "value": 5.99,
      "unit": "€"
    },
    "productPricePerUnitWithLoyaltyCard": {
      "value": 7.99,
      "unit": "€/l"
    },
    "imageUrl": "https://cdn.barbora.lv/products/675c8cf4-9287-488a-9d22-18527b18fc0e_s.png",
    "available": true,
    "discount": 29
  },
  {
    "shop": "MAXIMA",
    "categories": [
      1,
      1001,
      1001003
    ],
    "productName": "Vīns J.P.CHENET Cabern.Syrah 12,5% 0,75L",
    "productPriceOld": {
      "value": 8.39,
      "unit": "€"
    },
    "productPrice": {
      "value": 8.39,
      "unit": "€"
    },
    "productPricePerUnit": {
      "value": 11.19,
      "unit": "€/l"
    },
    "productPriceWithLoyaltyCard": {
      "value": 5.99,
      "unit": "€"
    },
    "productPricePerUnitWithLoyaltyCard": {
      "value": 7.99,
      "unit": "€/l"
    },
    "imageUrl": "https://cdn.barbora.lv/products/acb47230-a3de-4e0a-b9bd-22fbed7489df_s.png",
    "available": true,
    "discount": 29
  },
  {
    "shop": "MAXIMA",
    "categories": [
      2,
      2005
    ],
    "productName": "Vīns ABAVAS Ābolkūka 10% 0,75L",
    "productPriceOld": {
      "value": 11.19,
      "unit": "€"
    },
    "productPrice": {
      "value": 11.19,
      "unit": "€"
    },
    "productPricePerUnit": {
      "value": 14.92,
      "unit": "€/l"
    },
    "productPriceWithLoyaltyCard": {
      "value": 5.99,
      "unit": "€"
    },
    "productPricePerUnitWithLoyaltyCard": {
      "value": 7.99,
      "unit": "€/l"
    },
    "imageUrl": "https://cdn.barbora.lv/products/a889f99b-bcd2-4830-8b6d-b587838ae001_s.png",
    "available": true,
    "discount": 46
  },
  {
    "shop": "MAXIMA",
    "categories": [
      1,
      1001,
      1001003
    ],
    "productName": "Vīns J.P.CHENET Rouge 12% 0,75L",
    "productPriceOld": {
      "value": 8.19,
      "unit": "€"
    },
    "productPrice": {
      "value": 8.19,
      "unit": "€"
    },
    "productPricePerUnit": {
      "value": 10.92,
      "unit": "€/l"
    },
    "productPriceWithLoyaltyCard": {
      "value": 5.99,
      "unit": "€"
    },
    "productPricePerUnitWithLoyaltyCard": {
      "value": 7.99,
      "unit": "€/l"
    },
    "imageUrl": "https://cdn.barbora.lv/products/ea3f218c-7a96-4834-b281-c36ea4fa8a79_s.png",
    "available": true,
    "discount": 27
  },
  {
    "shop": "MAXIMA",
    "categories": [
      1,
      1001,
      1001003
    ],
    "productName": "Vīns J.P.CHENET Colombard Chardonnary 11,5%750ml",
    "productPriceOld": {
      "value": 8.18,
      "unit": "€"
    },
    "productPrice": {
      "value": 8.18,
      "unit": "€"
    },
    "productPricePerUnit": {
      "value": 10.91,
      "unit": "€/l"
    },
    "productPriceWithLoyaltyCard": {
      "value": 5.99,
      "unit": "€"
    },
    "productPricePerUnitWithLoyaltyCard": {
      "value": 7.99,
      "unit": "€/l"
    },
    "imageUrl": "https://cdn.barbora.lv/products/4f499516-e870-48cc-bcc1-27640d5ac775_s.png",
    "available": true,
    "discount": 27
  },
  {
    "shop": "MAXIMA",
    "categories": [
      1,
      1001,
      1001003
    ],
    "productName": "Vīns KGM ALAZANI VALLEY RED 12% 0,75L",
    "productPriceOld": {
      "value": 7.49,
      "unit": "€"
    },
    "productPrice": {
      "value": 7.49,
      "unit": "€"
    },
    "productPricePerUnit": {
      "value": 9.99,
      "unit": "€/l"
    },
    "productPriceWithLoyaltyCard": {
      "value": 5.99,
      "unit": "€"
    },
    "productPricePerUnitWithLoyaltyCard": {
      "value": 7.99,
      "unit": "€/l"
    },
    "imageUrl": "https://cdn.barbora.lv/products/14d9d23b-0500-4ee3-ab01-9628bac9eaa5_s.png",
    "available": true,
    "discount": 20
  },
  {
    "shop": "MAXIMA",
    "categories": [
      1,
      1001,
      1001003
    ],
    "productName": "Vīns J.P.CHENET Rose Med.Sw.11,5% 0,75L",
    "productPriceOld": {
      "value": 8.18,
      "unit": "€"
    },
    "productPrice": {
      "value": 8.18,
      "unit": "€"
    },
    "productPricePerUnit": {
      "value": 10.91,
      "unit": "€/l"
    },
    "productPriceWithLoyaltyCard": {
      "value": 5.99,
      "unit": "€"
    },
    "productPricePerUnitWithLoyaltyCard": {
      "value": 7.99,
      "unit": "€/l"
    },
    "imageUrl": "https://cdn.barbora.lv/products/2ff4708e-f723-4e5c-b953-905e64ff36a9_s.png",
    "available": true,
    "discount": 27
  },
  {
    "shop": "MAXIMA",
    "categories": [
      1,
      1001,
      1001004
    ],
    "productName": "Dz.vīns LA CACCIAT.LAMBR.BIANCO 8% 0,75L",
    "productPriceOld": null,
    "productPrice": {
      "value": 5.99,
      "unit": "€"
    },
    "productPricePerUnit": {
      "value": 7.99,
      "unit": "€/l"
    },
    "productPriceWithLoyaltyCard": null,
    "productPricePerUnitWithLoyaltyCard": null,
    "imageUrl": "https://cdn.barbora.lv/products/d324b8cf-8a1a-484e-bc2d-13084501b51e_s.png",
    "available": true,
    "discount": null
  },
  {
    "shop": "MAXIMA",
    "categories": [
      1,
      1001,
      1001003
    ],
    "productName": "Vīns KGM Saperavi Red 12% 0,75L",
    "productPriceOld": {
      "value": 8.19,
      "unit": "€"
    },
    "productPrice": {
      "value": 8.19,
      "unit": "€"
    },
    "productPricePerUnit": {
      "value": 10.92,
      "unit": "€/l"
    },
    "productPriceWithLoyaltyCard": {
      "value": 5.99,
      "unit": "€"
    },
    "productPricePerUnitWithLoyaltyCard": {
      "value": 7.99,
      "unit": "€/l"
    },
    "imageUrl": "https://cdn.barbora.lv/products/c57f2b25-7afe-47fc-bf11-0b68b3b2614a_s.png",
    "available": true,
    "discount": 27
  },
  {
    "shop": "MAXIMA",
    "categories": [
      2,
      2001,
      20010014
    ],
    "productName": "Kumosa maizītes ar zaļumiem kg",
    "productPriceOld": null,
    "productPrice": {
      "value": 7.99,
      "unit": "€"
    },
    "productPricePerUnit": {
      "value": 7.99,
      "unit": "€/kg"
    },
    "productPriceWithLoyaltyCard": null,
    "productPricePerUnitWithLoyaltyCard": null,
    "imageUrl": "https://cdn.barbora.lv/products/5d48df3c-7e06-4cff-ad54-2d668fd4baf8_s.png",
    "available": true,
    "discount": null
  },
  {
    "shop": "MAXIMA",
    "categories": [
      2,
      2001,
      20010014
    ],
    "productName": "Mini maizītes ar krēma pildījumu MEISTARA MARKA kg",
    "productPriceOld": {
      "value": 8.99,
      "unit": "€"
    },
    "productPrice": {
      "value": 7.99,
      "unit": "€"
    },
    "productPricePerUnit": {
      "value": 7.99,
      "unit": "€/kg"
    },
    "productPriceWithLoyaltyCard": null,
    "productPricePerUnitWithLoyaltyCard": null,
    "imageUrl": "https://cdn.barbora.lv/products/aed61a63-8119-4922-9062-46e795617da4_s.png",
    "available": true,
    "discount": 11
  },
  {
    "shop": "CITRO",
    "categories": [
      1,
      1001,
      1001003
    ],
    "productName": "VĪNA DZ.AROMATIZĒTS SUNNY GARDEN CHERRY 13% 0.75L",
    "productPriceOld": null,
    "productPrice": null,
    "productPricePerUnit": {
      "value": 7.99,
      "unit": "€/L"
    },
    "productPriceWithLoyaltyCard": null,
    "productPricePerUnitWithLoyaltyCard": null,
    "imageUrl": "https://rezekne.citro.lv/wp-content/uploads/2021/02/5901064762680-300x300.jpg",
    "available": true,
    "discount": null
  },
  {
    "shop": "CITRO",
    "categories": [
      1,
      1001,
      1001003
    ],
    "productName": "VĪNS B. HARDYS BIN141 COLOMBARD CHARDONNAY 12.5% 0.75L",
    "productPriceOld": {
      "value": 7.99,
      "unit": "€"
    },
    "productPrice": {
      "value": 5.99,
      "unit": "€"
    },
    "productPricePerUnit": {
      "value": 7.99,
      "unit": "€/L"
    },
    "productPriceWithLoyaltyCard": null,
    "productPricePerUnitWithLoyaltyCard": null,
    "imageUrl": "https://rezekne.citro.lv/wp-content/uploads/2022/08/9311043093319-300x300.jpg",
    "available": true,
    "discount": 25
  },
  {
    "shop": "CITRO",
    "categories": [
      1,
      1001,
      1001003
    ],
    "productName": "VĪNS S. HARDYS BIN 343 CABERNET SHIRAZ 13.5% 0.75L",
    "productPriceOld": {
      "value": 7.99,
      "unit": "€"
    },
    "productPrice": {
      "value": 5.99,
      "unit": "€"
    },
    "productPricePerUnit": {
      "value": 7.99,
      "unit": "€/L"
    },
    "productPriceWithLoyaltyCard": null,
    "productPricePerUnitWithLoyaltyCard": null,
    "imageUrl": "https://rezekne.citro.lv/wp-content/uploads/2022/08/9311043093302-300x300.jpg",
    "available": true,
    "discount": 25
  },
  {
    "shop": "CITRO",
    "categories": [
      1,
      1001,
      1001004
    ],
    "productName": "DZ.VĪNS TORLEY FORTUNA 10.5% 0.75L",
    "productPriceOld": null,
    "productPrice": null,
    "productPricePerUnit": {
      "value": 7.99,
      "unit": "€/L"
    },
    "productPriceWithLoyaltyCard": null,
    "productPricePerUnitWithLoyaltyCard": null,
    "imageUrl": "https://rezekne.citro.lv/wp-content/uploads/2022/07/5998815750928-arFonu-300x300.jpg",
    "available": true,
    "discount": null
  },
  {
    "shop": "CITRO",
    "categories": [
      1,
      1001,
      1001004
    ],
    "productName": "DZ.VĪNS TORLEY CHARMANT DOUX 10.5% 0.75L",
    "productPriceOld": null,
    "productPrice": null,
    "productPricePerUnit": {
      "value": 7.99,
      "unit": "€/L"
    },
    "productPriceWithLoyaltyCard": null,
    "productPricePerUnitWithLoyaltyCard": null,
    "imageUrl": "https://rezekne.citro.lv/wp-content/uploads/2022/07/5998815750638-arFonu-300x300.jpg",
    "available": true,
    "discount": null
  },
  {
    "shop": "CITRO",
    "categories": [
      1,
      1001,
      1001003
    ],
    "productName": "VĪNS B. AFRICAN WINERY CHENIN BLANC SAUSS 12.5% 0.75L",
    "productPriceOld": null,
    "productPrice": null,
    "productPricePerUnit": {
      "value": 7.99,
      "unit": "€/L"
    },
    "productPriceWithLoyaltyCard": null,
    "productPricePerUnitWithLoyaltyCard": null,
    "imageUrl": "https://rezekne.citro.lv/wp-content/uploads/2023/03/8594045653274-300x300.jpg",
    "available": true,
    "discount": null
  },
  {
    "shop": "CITRO",
    "categories": [
      1,
      1001,
      1001003
    ],
    "productName": "VĪNS S. KAGOR ZLATA BULGARIA 13% 0.75L",
    "productPriceOld": {
      "value": 6.99,
      "unit": "€"
    },
    "productPrice": {
      "value": 5.99,
      "unit": "€"
    },
    "productPricePerUnit": {
      "value": 7.99,
      "unit": "€/L"
    },
    "productPriceWithLoyaltyCard": null,
    "productPricePerUnitWithLoyaltyCard": null,
    "imageUrl": "https://rezekne.citro.lv/wp-content/uploads/2022/03/4752040001016-300x300.jpg",
    "available": true,
    "discount": 14
  },
  {
    "shop": "CITRO",
    "categories": [
      1,
      1001,
      1001003
    ],
    "productName": "VĪNS S. AFRICAN WINERY PNOTAGE SAUSS 13% 0.75L",
    "productPriceOld": null,
    "productPrice": null,
    "productPricePerUnit": {
      "value": 7.99,
      "unit": "€/L"
    },
    "productPriceWithLoyaltyCard": null,
    "productPricePerUnitWithLoyaltyCard": null,
    "imageUrl": "https://rezekne.citro.lv/wp-content/uploads/2023/05/8594045653281-300x300.jpg",
    "available": true,
    "discount": null
  },
  {
    "shop": "CITRO",
    "categories": [
      1,
      1001,
      1001003
    ],
    "productName": "VĪNS S. BOSTAVAN GOLD CABERNET 12.5% 0.75L",
    "productPriceOld": null,
    "productPrice": null,
    "productPricePerUnit": {
      "value": 7.99,
      "unit": "€/L"
    },
    "productPriceWithLoyaltyCard": null,
    "productPricePerUnitWithLoyaltyCard": null,
    "imageUrl": "https://rezekne.citro.lv/wp-content/uploads/2020/12/4840472015289_1-300x300.jpg",
    "available": true,
    "discount": null
  },
  {
    "shop": "CITRO",
    "categories": [
      1,
      1001,
      1001003
    ],
    "productName": "VĪNS B. BOSTAVAN GOLD CHARDONNAY 12% 0.75L",
    "productPriceOld": null,
    "productPrice": null,
    "productPricePerUnit": {
      "value": 7.99,
      "unit": "€/L"
    },
    "productPriceWithLoyaltyCard": null,
    "productPricePerUnitWithLoyaltyCard": null,
    "imageUrl": "https://rezekne.citro.lv/wp-content/uploads/2020/12/4840472015241-1-300x300.jpg",
    "available": true,
    "discount": null
  },
  {
    "shop": "CITRO",
    "categories": [
      1,
      1001,
      1001003
    ],
    "productName": "VĪNS S. KAZAYAK MERLOT 13% 0.75L",
    "productPriceOld": null,
    "productPrice": null,
    "productPricePerUnit": {
      "value": 7.99,
      "unit": "€/L"
    },
    "productPriceWithLoyaltyCard": null,
    "productPricePerUnitWithLoyaltyCard": null,
    "imageUrl": "https://rezekne.citro.lv/wp-content/uploads/2021/03/4840526000711-300x300.jpg",
    "available": true,
    "discount": null
  },
  {
    "shop": "CITRO",
    "categories": [
      1,
      1001,
      1001003
    ],
    "productName": "VĪNS B. DAOS CHARDONNAY MEDIUM SWEET 11.5% 0.75L",
    "productPriceOld": null,
    "productPrice": null,
    "productPricePerUnit": {
      "value": 7.99,
      "unit": "€/L"
    },
    "productPriceWithLoyaltyCard": null,
    "productPricePerUnitWithLoyaltyCard": null,
    "imageUrl": "https://rezekne.citro.lv/wp-content/uploads/2024/11/4840472011281-1-300x300.jpg",
    "available": true,
    "discount": null
  },
  {
    "shop": "CITRO",
    "categories": [
      1,
      1001,
      1001003
    ],
    "productName": "VĪNS S. DAOS CABERNET SAUVIGNON MEDIUM SWEET 12% 0.75L",
    "productPriceOld": null,
    "productPrice": null,
    "productPricePerUnit": {
      "value": 7.99,
      "unit": "€/L"
    },
    "productPriceWithLoyaltyCard": null,
    "productPricePerUnitWithLoyaltyCard": null,
    "imageUrl": "https://rezekne.citro.lv/wp-content/uploads/2024/11/4840472011274-1-300x300.jpg",
    "available": true,
    "discount": null
  },
  {
    "shop": "CITRO",
    "categories": [
      1,
      1001,
      1001003
    ],
    "productName": "VĪNS S. KAZAYAK CABERNET SAUVIGNON 11.5% 0.75L",
    "productPriceOld": null,
    "productPrice": null,
    "productPricePerUnit": {
      "value": 7.99,
      "unit": "€/L"
    },
    "productPriceWithLoyaltyCard": null,
    "productPricePerUnitWithLoyaltyCard": null,
    "imageUrl": "https://rezekne.citro.lv/wp-content/uploads/2021/01/4840181001672-300x300.jpg",
    "available": true,
    "discount": null
  },
  {
    "shop": "CITRO",
    "categories": [
      1,
      1001,
      1001003
    ],
    "productName": "VĪNS B. KAZAYAK CHARDONNAY 12% 0.75L",
    "productPriceOld": null,
    "productPrice": null,
    "productPricePerUnit": {
      "value": 7.99,
      "unit": "€/L"
    },
    "productPriceWithLoyaltyCard": null,
    "productPricePerUnitWithLoyaltyCard": null,
    "imageUrl": "https://rezekne.citro.lv/wp-content/uploads/2020/12/4840181001627-1-300x300.jpg",
    "available": true,
    "discount": null
  },
  {
    "shop": "CITRO",
    "categories": [
      1,
      1003,
      1003003
    ],
    "productName": "VĪNS BEZALK.BLUE NUN LIGHT WHITE 0% PUSSALDS BALTS 0.75L",
    "productPriceOld": null,
    "productPrice": null,
    "productPricePerUnit": {
      "value": 7.99,
      "unit": "€/L"
    },
    "productPriceWithLoyaltyCard": null,
    "productPricePerUnitWithLoyaltyCard": null,
    "imageUrl": "https://rezekne.citro.lv/wp-content/uploads/2023/12/4751017122020-300x300.jpg",
    "available": true,
    "discount": null
  },
  {
    "shop": "CITRO",
    "categories": [
      1,
      1001,
      1001004
    ],
    "productName": "DZ.VĪNS TORLEY MAGIC CUVEE 10.5% 0.75L",
    "productPriceOld": null,
    "productPrice": null,
    "productPricePerUnit": {
      "value": 7.99,
      "unit": "€/L"
    },
    "productPriceWithLoyaltyCard": null,
    "productPricePerUnitWithLoyaltyCard": null,
    "imageUrl": "https://rezekne.citro.lv/wp-content/uploads/2020/12/5998815750683-300x300.jpg",
    "available": true,
    "discount": null
  },
  {
    "shop": "CITRO",
    "categories": [
      1,
      1001,
      1001003
    ],
    "productName": "VĪNS S. GOCHA KAKHETI VALLEY SEMI-SWEET 12 % 0.75L",
    "productPriceOld": null,
    "productPrice": null,
    "productPricePerUnit": {
      "value": 7.99,
      "unit": "€/L"
    },
    "productPriceWithLoyaltyCard": null,
    "productPricePerUnitWithLoyaltyCard": null,
    "imageUrl": "https://rezekne.citro.lv/wp-content/uploads/2023/02/4860053011790-arFonu-300x300.jpg",
    "available": true,
    "discount": null
  },
  {
    "shop": "CITRO",
    "categories": [
      1,
      1001,
      1001003
    ],
    "productName": "VĪNS B. BLUE NUN ORIGINAL 10% 0.75L",
    "productPriceOld": null,
    "productPrice": null,
    "productPricePerUnit": {
      "value": 7.99,
      "unit": "€/L"
    },
    "productPriceWithLoyaltyCard": null,
    "productPricePerUnitWithLoyaltyCard": null,
    "imageUrl": "https://rezekne.citro.lv/wp-content/uploads/2021/06/5010429000074-1-300x300.jpg",
    "available": true,
    "discount": null
  },
  {
    "shop": "CITRO",
    "categories": [
      1,
      1003,
      1003003
    ],
    "productName": "VĪNS BEZALK.BLUE NUN LIGHT WHITE 0% PUSSALDS BALTS 0.75L",
    "productPriceOld": null,
    "productPrice": null,
    "productPricePerUnit": {
      "value": 7.99,
      "unit": "€/L"
    },
    "productPriceWithLoyaltyCard": null,
    "productPricePerUnitWithLoyaltyCard": null,
    "imageUrl": "https://rezekne.citro.lv/wp-content/uploads/2023/12/4751017122020-300x300.jpg",
    "available": true,
    "discount": null
  },
  {
    "shop": "CITRO",
    "categories": [
      1,
      1003,
      1003003
    ],
    "productName": "VĪNS BEZALK.BLUE NUN LIGHT WHITE 0% PUSSALDS BALTS 0.75L",
    "productPriceOld": null,
    "productPrice": null,
    "productPricePerUnit": {
      "value": 7.99,
      "unit": "€/L"
    },
    "productPriceWithLoyaltyCard": null,
    "productPricePerUnitWithLoyaltyCard": null,
    "imageUrl": "https://rezekne.citro.lv/wp-content/uploads/2023/12/4751017122020-300x300.jpg",
    "available": true,
    "discount": null
  },
  {
    "shop": "MAXIMA",
    "categories": [
      2,
      2001,
      20010014
    ],
    "productName": "Rīsu/kviešu maizītes ar ķimenēm 65g",
    "productPriceOld": null,
    "productPrice": {
      "value": 0.52,
      "unit": "€"
    },
    "productPricePerUnit": {
      "value": 8,
      "unit": "€/kg"
    },
    "productPriceWithLoyaltyCard": null,
    "productPricePerUnitWithLoyaltyCard": null,
    "imageUrl": "https://cdn.barbora.lv/products/f08731eb-461a-4919-9461-9510edcddd88_s.png",
    "available": true,
    "discount": null
  },
  {
    "shop": "CITRO",
    "categories": [
      2,
      2001,
      20010015
    ],
    "productName": "GALETES DR.NATURE KVIEŠU-RĪSU AR SĀLI 65G",
    "productPriceOld": {
      "value": 0.62,
      "unit": "€"
    },
    "productPrice": {
      "value": 0.52,
      "unit": "€"
    },
    "productPricePerUnit": {
      "value": 8,
      "unit": "€/KG"
    },
    "productPriceWithLoyaltyCard": null,
    "productPricePerUnitWithLoyaltyCard": null,
    "imageUrl": "https://rezekne.citro.lv/wp-content/uploads/2020/07/4750635000147-300x300.jpg",
    "available": true,
    "discount": 16
  },
  {
    "shop": "MAXIMA",
    "categories": [
      2,
      2001,
      20010015
    ],
    "productName": "Tortilla Klasiskā Street Food FAZER 360g",
    "productPriceOld": null,
    "productPrice": {
      "value": 2.89,
      "unit": "€"
    },
    "productPricePerUnit": {
      "value": 8.03,
      "unit": "€/kg"
    },
    "productPriceWithLoyaltyCard": null,
    "productPricePerUnitWithLoyaltyCard": null,
    "imageUrl": "https://cdn.barbora.lv/products/878855f6-8642-403f-9388-142d6a7425b0_s.png",
    "available": true,
    "discount": null
  },
  {
    "shop": "RIMI",
    "categories": [
      1,
      1001,
      1001005
    ],
    "productName": "Alk.kokt. Cēsu Franču pīlādzis 14% 0,28l",
    "productPriceOld": null,
    "productPrice": {
      "value": 2.25,
      "unit": "€/gab"
    },
    "productPricePerUnit": {
      "value": 8.04,
      "unit": "€/l"
    },
    "productPriceWithLoyaltyCard": null,
    "productPricePerUnitWithLoyaltyCard": null,
    "imageUrl": "https://rimibaltic-res.cloudinary.com/image/upload/d_ecommerce:backend-fallback.png/MAT_1356175_PCE_LV",
    "available": true,
    "discount": null
  },
  {
    "shop": "RIMI",
    "categories": [
      1,
      1001,
      1001005
    ],
    "productName": "Alk.kokt. Cēsu 14% Gin&Grapefruit 14% 0,28l",
    "productPriceOld": null,
    "productPrice": {
      "value": 2.25,
      "unit": "€/gab"
    },
    "productPricePerUnit": {
      "value": 8.04,
      "unit": "€/l"
    },
    "productPriceWithLoyaltyCard": null,
    "productPricePerUnitWithLoyaltyCard": null,
    "imageUrl": "https://rimibaltic-res.cloudinary.com/image/upload/d_ecommerce:backend-fallback.png/MAT_1354376_PCE_LV",
    "available": true,
    "discount": null
  },
  {
    "shop": "RIMI",
    "categories": [
      1,
      1001,
      1001005
    ],
    "productName": "Alkoh. kokteilis Cēsu Dzērvenīte 14% 0,28l",
    "productPriceOld": null,
    "productPrice": {
      "value": 2.25,
      "unit": "€/gab"
    },
    "productPricePerUnit": {
      "value": 8.04,
      "unit": "€/l"
    },
    "productPriceWithLoyaltyCard": null,
    "productPricePerUnitWithLoyaltyCard": null,
    "imageUrl": "https://rimibaltic-res.cloudinary.com/image/upload/d_ecommerce:backend-fallback.png/MAT_1358812_PCE_LV",
    "available": true,
    "discount": null
  },
  {
    "shop": "MAXIMA",
    "categories": [
      1,
      1001,
      1001005
    ],
    "productName": "Alk. kokt. CĒSU Franču pīl. 14% 0,28L D",
    "productPriceOld": null,
    "productPrice": {
      "value": 2.25,
      "unit": "€"
    },
    "productPricePerUnit": {
      "value": 8.04,
      "unit": "€/l"
    },
    "productPriceWithLoyaltyCard": null,
    "productPricePerUnitWithLoyaltyCard": null,
    "imageUrl": "https://cdn.barbora.lv/products/bcf69fdf-ef07-4af4-a0bf-ebd69a0a7d42_s.png",
    "available": true,
    "discount": null
  },
  {
    "shop": "MAXIMA",
    "categories": [
      1,
      1001,
      1001005
    ],
    "productName": "Alk.kokt.CĒSU 14% Upenīte 0,28L D",
    "productPriceOld": null,
    "productPrice": {
      "value": 2.25,
      "unit": "€"
    },
    "productPricePerUnit": {
      "value": 8.04,
      "unit": "€/l"
    },
    "productPriceWithLoyaltyCard": null,
    "productPricePerUnitWithLoyaltyCard": null,
    "imageUrl": "https://cdn.barbora.lv/products/519c84c8-1611-4cff-bef1-ee3165ca08fd_s.png",
    "available": true,
    "discount": null
  },
  {
    "shop": "MAXIMA",
    "categories": [
      1,
      1002,
      10010021
    ],
    "productName": "Gāzēts dzēriens FEVER TREE GINGER ALE 0,2L D",
    "productPriceOld": null,
    "productPrice": {
      "value": 1.61,
      "unit": "€"
    },
    "productPricePerUnit": {
      "value": 8.05,
      "unit": "€/l"
    },
    "productPriceWithLoyaltyCard": null,
    "productPricePerUnitWithLoyaltyCard": null,
    "imageUrl": "https://cdn.barbora.lv/products/06a2c6f3-67f0-4038-a654-42bff972b443_s.png",
    "available": true,
    "discount": null
  },
  {
    "shop": "RIMI",
    "categories": [
      1,
      1002,
      10010021
    ],
    "productName": "Gāzēts dzēriens Jarritos Meksikāņu kola 370ml",
    "productPriceOld": null,
    "productPrice": {
      "value": 2.99,
      "unit": "€/gab"
    },
    "productPricePerUnit": {
      "value": 8.08,
      "unit": "€/l"
    },
    "productPriceWithLoyaltyCard": null,
    "productPricePerUnitWithLoyaltyCard": null,
    "imageUrl": "https://rimibaltic-res.cloudinary.com/image/upload/d_ecommerce:backend-fallback.png/MAT_1373275_PCE_LV",
    "available": true,
    "discount": null
  },
  {
    "shop": "RIMI",
    "categories": [
      1,
      1002,
      10010021
    ],
    "productName": "Gāzēts dzēriens Jarritos mango 370ml",
    "productPriceOld": null,
    "productPrice": {
      "value": 2.99,
      "unit": "€/gab"
    },
    "productPricePerUnit": {
      "value": 8.08,
      "unit": "€/l"
    },
    "productPriceWithLoyaltyCard": null,
    "productPricePerUnitWithLoyaltyCard": null,
    "imageUrl": "https://rimibaltic-res.cloudinary.com/image/upload/d_ecommerce:backend-fallback.png/MAT_1373289_PCE_LV",
    "available": true,
    "discount": null
  },
  {
    "shop": "RIMI",
    "categories": [
      1,
      1002,
      10010021
    ],
    "productName": "Gāzēts dzēriens Jarritos greipfrūts 370ml",
    "productPriceOld": null,
    "productPrice": {
      "value": 2.99,
      "unit": "€/gab"
    },
    "productPricePerUnit": {
      "value": 8.08,
      "unit": "€/l"
    },
    "productPriceWithLoyaltyCard": null,
    "productPricePerUnitWithLoyaltyCard": null,
    "imageUrl": "https://rimibaltic-res.cloudinary.com/image/upload/d_ecommerce:backend-fallback.png/MAT_1373736_PCE_LV",
    "available": true,
    "discount": null
  },
  {
    "shop": "MAXIMA",
    "categories": [
      2,
      2001,
      20010014
    ],
    "productName": "Piena maizītes BRIOCHE DANCE CAKE 320g",
    "productPriceOld": null,
    "productPrice": {
      "value": 2.59,
      "unit": "€"
    },
    "productPricePerUnit": {
      "value": 8.09,
      "unit": "€/kg"
    },
    "productPriceWithLoyaltyCard": null,
    "productPricePerUnitWithLoyaltyCard": null,
    "imageUrl": "https://cdn.barbora.lv/products/ba06f79b-1171-402f-8169-23e3b5ddd0f6_s.png",
    "available": true,
    "discount": null
  },
  {
    "shop": "MAXIMA",
    "categories": [
      2,
      2001,
      20010014
    ],
    "productName": "Gaišā augļu maize LĀČI 270g",
    "productPriceOld": null,
    "productPrice": {
      "value": 2.19,
      "unit": "€"
    },
    "productPricePerUnit": {
      "value": 8.11,
      "unit": "€/kg"
    },
    "productPriceWithLoyaltyCard": null,
    "productPricePerUnitWithLoyaltyCard": null,
    "imageUrl": "https://cdn.barbora.lv/products/a81c1ef3-c06e-4ed8-b712-e569517c3d95_s.png",
    "available": true,
    "discount": null
  },
  {
    "shop": "MAXIMA",
    "categories": [
      1,
      1001,
      1001004
    ],
    "productName": "Dz.Vīns GRANTINI SWEET 10% 0,75L",
    "productPriceOld": null,
    "productPrice": {
      "value": 6.09,
      "unit": "€"
    },
    "productPricePerUnit": {
      "value": 8.12,
      "unit": "€/l"
    },
    "productPriceWithLoyaltyCard": null,
    "productPricePerUnitWithLoyaltyCard": null,
    "imageUrl": "https://cdn.barbora.lv/products/c305133d-2f26-47e0-b6af-ae26b634b478_s.png",
    "available": true,
    "discount": null
  },
  {
    "shop": "MAXIMA",
    "categories": [
      1,
      1001,
      1001004
    ],
    "productName": "Dz.Vīns GRANTINI SEMI SWEET 10% 0,75L",
    "productPriceOld": null,
    "productPrice": {
      "value": 6.09,
      "unit": "€"
    },
    "productPricePerUnit": {
      "value": 8.12,
      "unit": "€/l"
    },
    "productPriceWithLoyaltyCard": null,
    "productPricePerUnitWithLoyaltyCard": null,
    "imageUrl": "https://cdn.barbora.lv/products/42a59a7d-f269-4193-a720-be3cd4051d80_s.png",
    "available": true,
    "discount": null
  },
  {
    "shop": "MAXIMA",
    "categories": [
      1,
      1001,
      1001003
    ],
    "productName": "Vīns SUNNY GARDEN RASPBERRY 13% 0,75L",
    "productPriceOld": null,
    "productPrice": {
      "value": 6.1,
      "unit": "€"
    },
    "productPricePerUnit": {
      "value": 8.13,
      "unit": "€/l"
    },
    "productPriceWithLoyaltyCard": null,
    "productPricePerUnitWithLoyaltyCard": null,
    "imageUrl": "https://cdn.barbora.lv/products/97989bdb-df45-415d-9432-04aa8fd7bc63_s.png",
    "available": true,
    "discount": null
  },
  {
    "shop": "MAXIMA",
    "categories": [
      2,
      2004
    ],
    "productName": "Sviesta kruasāns 48g",
    "productPriceOld": null,
    "productPrice": {
      "value": 0.39,
      "unit": "€"
    },
    "productPricePerUnit": {
      "value": 8.13,
      "unit": "€/kg"
    },
    "productPriceWithLoyaltyCard": null,
    "productPricePerUnitWithLoyaltyCard": null,
    "imageUrl": "https://cdn.barbora.lv/products/7d87e447-9491-40be-835e-40becdcd22a8_s.png",
    "available": true,
    "discount": null
  },
  {
    "shop": "MAXIMA",
    "categories": [
      2,
      2001,
      20010014
    ],
    "productName": "Maizes kabatiņas Street Food FAZER 330g",
    "productPriceOld": null,
    "productPrice": {
      "value": 2.69,
      "unit": "€"
    },
    "productPricePerUnit": {
      "value": 8.15,
      "unit": "€/kg"
    },
    "productPriceWithLoyaltyCard": null,
    "productPricePerUnitWithLoyaltyCard": null,
    "imageUrl": "https://cdn.barbora.lv/products/85267215-cbe9-43e8-b82f-2cbfb9ff9fa4_s.png",
    "available": true,
    "discount": null
  },
  {
    "shop": "MAXIMA",
    "categories": [
      2,
      20011
    ],
    "productName": "Smalkmaizīte PURENE 60g",
    "productPriceOld": null,
    "productPrice": {
      "value": 0.49,
      "unit": "€"
    },
    "productPricePerUnit": {
      "value": 8.17,
      "unit": "€/kg"
    },
    "productPriceWithLoyaltyCard": null,
    "productPricePerUnitWithLoyaltyCard": null,
    "imageUrl": "https://cdn.barbora.lv/products/4a51a7d6-4221-4f41-9449-36da834d99d3_s.png",
    "available": true,
    "discount": null
  },
  {
    "shop": "MAXIMA",
    "categories": [
      2,
      2001,
      20010014
    ],
    "productName": "Maizīte Turku 60g",
    "productPriceOld": null,
    "productPrice": {
      "value": 0.49,
      "unit": "€"
    },
    "productPricePerUnit": {
      "value": 8.17,
      "unit": "€/kg"
    },
    "productPriceWithLoyaltyCard": null,
    "productPricePerUnitWithLoyaltyCard": null,
    "imageUrl": "https://cdn.barbora.lv/products/886c949a-975a-4c9e-8eff-ee115bccaac7_s.png",
    "available": true,
    "discount": null
  },
  {
    "shop": "MAXIMA",
    "categories": [
      2,
      2005
    ],
    "productName": "Kūka Vīnes šokolādes KŪKO 1,1kg",
    "productPriceOld": {
      "value": 11.29,
      "unit": "€"
    },
    "productPrice": {
      "value": 8.99,
      "unit": "€"
    },
    "productPricePerUnit": {
      "value": 8.17,
      "unit": "€/kg"
    },
    "productPriceWithLoyaltyCard": null,
    "productPricePerUnitWithLoyaltyCard": null,
    "imageUrl": "https://cdn.barbora.lv/products/46e6e357-b8df-4f4e-9ac8-52037aa1c7d0_s.png",
    "available": true,
    "discount": 20
  },
  {
    "shop": "MAXIMA",
    "categories": [
      2,
      2001,
      20010015
    ],
    "productName": "Barankas mīkstās ar iebiezināto pienu 300g",
    "productPriceOld": null,
    "productPrice": {
      "value": 2.45,
      "unit": "€"
    },
    "productPricePerUnit": {
      "value": 8.17,
      "unit": "€/kg"
    },
    "productPriceWithLoyaltyCard": null,
    "productPricePerUnitWithLoyaltyCard": null,
    "imageUrl": "https://cdn.barbora.lv/products/4a60622e-a55b-4d21-9487-6c1a5d6c86eb_s.png",
    "available": true,
    "discount": null
  },
  {
    "shop": "MAXIMA",
    "categories": [
      1,
      1002,
      10010020
    ],
    "productName": "Smūtijs mango-banānu GUTTA 280 ml",
    "productPriceOld": null,
    "productPrice": {
      "value": 2.29,
      "unit": "€"
    },
    "productPricePerUnit": {
      "value": 8.18,
      "unit": "€/l"
    },
    "productPriceWithLoyaltyCard": null,
    "productPricePerUnitWithLoyaltyCard": null,
    "imageUrl": "https://cdn.barbora.lv/products/2ee1a65e-396e-40f3-8886-7e4f8bf3e237_s.png",
    "available": true,
    "discount": null
  },
  {
    "shop": "MAXIMA",
    "categories": [
      1,
      1002,
      10010020
    ],
    "productName": "Smūtijs aveņu-melleņu GUTTA 280 ml",
    "productPriceOld": null,
    "productPrice": {
      "value": 2.29,
      "unit": "€"
    },
    "productPricePerUnit": {
      "value": 8.18,
      "unit": "€/l"
    },
    "productPriceWithLoyaltyCard": null,
    "productPricePerUnitWithLoyaltyCard": null,
    "imageUrl": "https://cdn.barbora.lv/products/949c2f8b-dd76-4fcb-aad9-72f874f5f459_s.png",
    "available": true,
    "discount": null
  },
  {
    "shop": "MAXIMA",
    "categories": [
      1,
      1002,
      10010020
    ],
    "productName": "Smūtijs banānu-zemeņu GUTTA 280ml",
    "productPriceOld": null,
    "productPrice": {
      "value": 2.29,
      "unit": "€"
    },
    "productPricePerUnit": {
      "value": 8.18,
      "unit": "€/l"
    },
    "productPriceWithLoyaltyCard": null,
    "productPricePerUnitWithLoyaltyCard": null,
    "imageUrl": "https://cdn.barbora.lv/products/778dda6e-6790-4cdb-a339-60fc3cf1475c_s.png",
    "available": true,
    "discount": null
  },
  {
    "shop": "MAXIMA",
    "categories": [
      1,
      1001,
      1001006
    ],
    "productName": "Vermuts TOSO BIANCO 15% 1l",
    "productPriceOld": null,
    "productPrice": {
      "value": 8.19,
      "unit": "€"
    },
    "productPricePerUnit": {
      "value": 8.19,
      "unit": "€/l"
    },
    "productPriceWithLoyaltyCard": null,
    "productPricePerUnitWithLoyaltyCard": null,
    "imageUrl": "https://cdn.barbora.lv/products/ec3ffd82-dba4-4f8f-afa5-d90b78f8fdbd_s.png",
    "available": true,
    "discount": null
  },
  {
    "shop": "MAXIMA",
    "categories": [
      1,
      1001,
      1001001
    ],
    "productName": "Alus VALMIERMUIŽA Rīgas Porteris upeņu 6,5%330ml D",
    "productPriceOld": null,
    "productPrice": {
      "value": 2.71,
      "unit": "€"
    },
    "productPricePerUnit": {
      "value": 8.21,
      "unit": "€/l"
    },
    "productPriceWithLoyaltyCard": null,
    "productPricePerUnitWithLoyaltyCard": null,
    "imageUrl": "https://cdn.barbora.lv/products/ab54bdc9-f020-4d79-88bd-b4f7febcbabd_s.png",
    "available": true,
    "discount": null
  },
  {
    "shop": "MAXIMA",
    "categories": [
      2,
      2005
    ],
    "productName": "Pīrāgs Gundega MEISTARA MARKA 340g",
    "productPriceOld": null,
    "productPrice": {
      "value": 2.79,
      "unit": "€"
    },
    "productPricePerUnit": {
      "value": 8.21,
      "unit": "€/kg"
    },
    "productPriceWithLoyaltyCard": null,
    "productPricePerUnitWithLoyaltyCard": null,
    "imageUrl": "https://cdn.barbora.lv/products/9b154439-796d-4e39-b13b-bcdcf292f9e2_s.png",
    "available": true,
    "discount": null
  },
  {
    "shop": "CITRO",
    "productName": "PICA SĀTĪGĀ 140G",
    "productPriceOld": null,
    "productPrice": null,
    "productPricePerUnit": {
      "value": 8.21,
      "unit": "€/KG"
    },
    "productPriceWithLoyaltyCard": null,
    "productPricePerUnitWithLoyaltyCard": null,
    "imageUrl": "https://rezekne.citro.lv/wp-content/uploads/2021/12/11087-300x300.jpg",
    "available": true,
    "discount": null,
    "categories": [
      2,
      2001,
      20010015
    ]
  },
  {
    "shop": "RIMI",
    "categories": [
      2,
      2005
    ],
    "productName": "Kūka Rimi Napoleons 400g",
    "productPriceOld": {
      "value": 4.15,
      "unit": "€"
    },
    "productPrice": {
      "value": 3.29,
      "unit": "€/gab"
    },
    "productPricePerUnit": {
      "value": 8.22,
      "unit": "€/kg"
    },
    "productPriceWithLoyaltyCard": null,
    "productPricePerUnitWithLoyaltyCard": null,
    "imageUrl": "https://rimibaltic-res.cloudinary.com/image/upload/d_ecommerce:backend-fallback.png/MAT_810059_PCE_LV",
    "available": true,
    "discount": 21
  },
  {
    "shop": "RIMI",
    "categories": [
      1,
      1001,
      1001001
    ],
    "productName": "Alus Malduguns Cilpa 5,3% 440ml",
    "productPriceOld": null,
    "productPrice": {
      "value": 3.29,
      "unit": "€/gab"
    },
    "productPricePerUnit": {
      "value": 8.22,
      "unit": "€/l"
    },
    "productPriceWithLoyaltyCard": null,
    "productPricePerUnitWithLoyaltyCard": null,
    "imageUrl": "https://rimibaltic-res.cloudinary.com/image/upload/d_ecommerce:backend-fallback.png/MAT_1375167_PCE_LV",
    "available": true,
    "discount": null
  },
  {
    "shop": "RIMI",
    "categories": [
      1,
      1001,
      1001001
    ],
    "productName": "Alus Malduguns Kramplauzis 5,1% 440ml",
    "productPriceOld": null,
    "productPrice": {
      "value": 3.29,
      "unit": "€/gab"
    },
    "productPricePerUnit": {
      "value": 8.22,
      "unit": "€/l"
    },
    "productPriceWithLoyaltyCard": null,
    "productPricePerUnitWithLoyaltyCard": null,
    "imageUrl": "https://rimibaltic-res.cloudinary.com/image/upload/d_ecommerce:backend-fallback.png/MAT_1375166_PCE_LV",
    "available": true,
    "discount": null
  },
  {
    "shop": "RIMI",
    "categories": [
      1,
      1001,
      1001001
    ],
    "productName": "Alus Malduguns Pēdēj. viesis 5,6% 440ml",
    "productPriceOld": null,
    "productPrice": {
      "value": 3.29,
      "unit": "€/gab"
    },
    "productPricePerUnit": {
      "value": 8.22,
      "unit": "€/l"
    },
    "productPriceWithLoyaltyCard": null,
    "productPricePerUnitWithLoyaltyCard": null,
    "imageUrl": "https://rimibaltic-res.cloudinary.com/image/upload/d_ecommerce:backend-fallback.png/MAT_1375129_PCE_LV",
    "available": true,
    "discount": null
  },
  {
    "shop": "RIMI",
    "categories": [
      1,
      1001,
      1001003
    ],
    "productName": "B.v. Montalto Pinot Grigio 13% 3l",
    "productPriceOld": null,
    "productPrice": {
      "value": 24.65,
      "unit": "€/gab"
    },
    "productPricePerUnit": {
      "value": 8.22,
      "unit": "€/l"
    },
    "productPriceWithLoyaltyCard": null,
    "productPricePerUnitWithLoyaltyCard": null,
    "imageUrl": "https://rimibaltic-res.cloudinary.com/image/upload/d_ecommerce:backend-fallback.png/MAT_7129141_PCE_LV",
    "available": true,
    "discount": null
  },
  {
    "shop": "MAXIMA",
    "categories": [
      1,
      1001,
      1001003
    ],
    "productName": "Vīns BARONE MONT.Pinot Grigio BIB 12% 3L",
    "productPriceOld": null,
    "productPrice": {
      "value": 24.65,
      "unit": "€"
    },
    "productPricePerUnit": {
      "value": 8.22,
      "unit": "€/l"
    },
    "productPriceWithLoyaltyCard": null,
    "productPricePerUnitWithLoyaltyCard": null,
    "imageUrl": "https://cdn.barbora.lv/products/1aa0abe0-679f-4cc7-a24e-c58b74192e7d_s.png",
    "available": true,
    "discount": null
  },
  {
    "shop": "MAXIMA",
    "categories": [
      1,
      1001,
      1001003
    ],
    "productName": "Vīns CARLO ROSSI Sweet Red 9% 0,75L",
    "productPriceOld": {
      "value": 8.59,
      "unit": "€"
    },
    "productPrice": {
      "value": 8.59,
      "unit": "€"
    },
    "productPricePerUnit": {
      "value": 11.45,
      "unit": "€/l"
    },
    "productPriceWithLoyaltyCard": {
      "value": 6.19,
      "unit": "€"
    },
    "productPricePerUnitWithLoyaltyCard": {
      "value": 8.25,
      "unit": "€/l"
    },
    "imageUrl": "https://cdn.barbora.lv/products/f3a016d8-81f5-42ad-9fe8-f43b00a792a1_s.png",
    "available": true,
    "discount": 28
  },
  {
    "shop": "MAXIMA",
    "categories": [
      1,
      1001,
      1001003
    ],
    "productName": "Vīns CARLO ROSSI Moscato Sweet 8,5%0,75L",
    "productPriceOld": {
      "value": 8.59,
      "unit": "€"
    },
    "productPrice": {
      "value": 8.59,
      "unit": "€"
    },
    "productPricePerUnit": {
      "value": 11.45,
      "unit": "€/l"
    },
    "productPriceWithLoyaltyCard": {
      "value": 6.19,
      "unit": "€"
    },
    "productPricePerUnitWithLoyaltyCard": {
      "value": 8.25,
      "unit": "€/l"
    },
    "imageUrl": "https://cdn.barbora.lv/products/686eb667-56d8-43b3-841d-091cdb4ae7bd_s.png",
    "available": true,
    "discount": 28
  },
  {
    "shop": "MAXIMA",
    "categories": [
      1,
      1001,
      1001003
    ],
    "productName": "Arom.vīna dz.CARLO ROSSI Peach 10% 0,75L",
    "productPriceOld": {
      "value": 8.79,
      "unit": "€"
    },
    "productPrice": {
      "value": 8.79,
      "unit": "€"
    },
    "productPricePerUnit": {
      "value": 11.72,
      "unit": "€/l"
    },
    "productPriceWithLoyaltyCard": {
      "value": 6.19,
      "unit": "€"
    },
    "productPricePerUnitWithLoyaltyCard": {
      "value": 8.25,
      "unit": "€/l"
    },
    "imageUrl": "https://cdn.barbora.lv/products/f16f54b2-7cdf-491c-b590-f7e32d90e404_s.png",
    "available": true,
    "discount": 30
  },
  {
    "shop": "MAXIMA",
    "categories": [
      1,
      1001,
      1001003
    ],
    "productName": "Vīns CARLO ROSSI California White 10,5% 750ml",
    "productPriceOld": {
      "value": 8.59,
      "unit": "€"
    },
    "productPrice": {
      "value": 8.59,
      "unit": "€"
    },
    "productPricePerUnit": {
      "value": 11.45,
      "unit": "€/l"
    },
    "productPriceWithLoyaltyCard": {
      "value": 6.19,
      "unit": "€"
    },
    "productPricePerUnitWithLoyaltyCard": {
      "value": 8.25,
      "unit": "€/l"
    },
    "imageUrl": "https://cdn.barbora.lv/products/c33f3c78-a037-43ee-b6fe-2bfd341672bc_s.png",
    "available": true,
    "discount": 28
  },
  {
    "shop": "MAXIMA",
    "categories": [
      1,
      1001,
      1001003
    ],
    "productName": "Vīns TELIANI VAL.ALAZ.SARK.12,5% 0,75L",
    "productPriceOld": {
      "value": 9.16,
      "unit": "€"
    },
    "productPrice": {
      "value": 9.16,
      "unit": "€"
    },
    "productPricePerUnit": {
      "value": 12.21,
      "unit": "€/l"
    },
    "productPriceWithLoyaltyCard": {
      "value": 6.19,
      "unit": "€"
    },
    "productPricePerUnitWithLoyaltyCard": {
      "value": 8.25,
      "unit": "€/l"
    },
    "imageUrl": "https://cdn.barbora.lv/products/93e9934a-78a4-4752-a1e9-4d60f6c67899_s.png",
    "available": true,
    "discount": 32
  },
  {
    "shop": "MAXIMA",
    "categories": [
      1,
      1001,
      1001003
    ],
    "productName": "Vīns CARLO ROSSI Calif.Red 11,5% 0,75L",
    "productPriceOld": {
      "value": 8.59,
      "unit": "€"
    },
    "productPrice": {
      "value": 8.59,
      "unit": "€"
    },
    "productPricePerUnit": {
      "value": 11.45,
      "unit": "€/l"
    },
    "productPriceWithLoyaltyCard": {
      "value": 6.19,
      "unit": "€"
    },
    "productPricePerUnitWithLoyaltyCard": {
      "value": 8.25,
      "unit": "€/l"
    },
    "imageUrl": "https://cdn.barbora.lv/products/d6ef4c0a-a0ca-4597-b02a-ae3815cfff03_s.png",
    "available": true,
    "discount": 28
  },
  {
    "shop": "MAXIMA",
    "categories": [
      1,
      1001,
      1001003
    ],
    "productName": "Vīns TELIANI VAL.ALAZ.BALTS 12%0,75L",
    "productPriceOld": {
      "value": 9,
      "unit": "€"
    },
    "productPrice": {
      "value": 9,
      "unit": "€"
    },
    "productPricePerUnit": {
      "value": 12,
      "unit": "€/l"
    },
    "productPriceWithLoyaltyCard": {
      "value": 6.19,
      "unit": "€"
    },
    "productPricePerUnitWithLoyaltyCard": {
      "value": 8.25,
      "unit": "€/l"
    },
    "imageUrl": "https://cdn.barbora.lv/products/c9aa06a7-e0e0-4393-99f6-5179e3b90de1_s.png",
    "available": true,
    "discount": 31
  },
  {
    "shop": "MAXIMA",
    "categories": [
      1,
      1001,
      1001003
    ],
    "productName": "Arom.vīna dz.CARLO ROSSI Straw.10% 0,75L",
    "productPriceOld": {
      "value": 8.79,
      "unit": "€"
    },
    "productPrice": {
      "value": 8.79,
      "unit": "€"
    },
    "productPricePerUnit": {
      "value": 11.72,
      "unit": "€/l"
    },
    "productPriceWithLoyaltyCard": {
      "value": 6.19,
      "unit": "€"
    },
    "productPricePerUnitWithLoyaltyCard": {
      "value": 8.25,
      "unit": "€/l"
    },
    "imageUrl": "https://cdn.barbora.lv/products/73b2be37-f211-4fd4-be26-5ecef78c844a_s.png",
    "available": true,
    "discount": 30
  },
  {
    "shop": "MAXIMA",
    "categories": [
      1,
      1001,
      1001003
    ],
    "productName": "Vīns CONO SUR Cabern.Sauvignon 13% 750ml",
    "productPriceOld": {
      "value": 9.22,
      "unit": "€"
    },
    "productPrice": {
      "value": 9.22,
      "unit": "€"
    },
    "productPricePerUnit": {
      "value": 12.29,
      "unit": "€/l"
    },
    "productPriceWithLoyaltyCard": {
      "value": 6.19,
      "unit": "€"
    },
    "productPricePerUnitWithLoyaltyCard": {
      "value": 8.25,
      "unit": "€/l"
    },
    "imageUrl": "https://cdn.barbora.lv/products/7a2bde82-b89e-4db5-8a50-a93e0b9378f4_s.png",
    "available": true,
    "discount": 33
  },
  {
    "shop": "MAXIMA",
    "categories": [
      2,
      2001,
      20010015
    ],
    "productName": "Galetes Saules Graudi rīsu 120g",
    "productPriceOld": null,
    "productPrice": {
      "value": 0.99,
      "unit": "€"
    },
    "productPricePerUnit": {
      "value": 8.25,
      "unit": "€/kg"
    },
    "productPriceWithLoyaltyCard": null,
    "productPricePerUnitWithLoyaltyCard": null,
    "imageUrl": "https://cdn.barbora.lv/products/bfd4df42-129f-4b2c-ba51-2ac77ab067f7_s.png",
    "available": true,
    "discount": null
  },
  {
    "shop": "MAXIMA",
    "categories": [
      1,
      1001,
      1001003
    ],
    "productName": "Vīns CONO SUR Chardonnay 13% 750ml",
    "productPriceOld": {
      "value": 9.2,
      "unit": "€"
    },
    "productPrice": {
      "value": 9.2,
      "unit": "€"
    },
    "productPricePerUnit": {
      "value": 12.27,
      "unit": "€/l"
    },
    "productPriceWithLoyaltyCard": {
      "value": 6.19,
      "unit": "€"
    },
    "productPricePerUnitWithLoyaltyCard": {
      "value": 8.26,
      "unit": "€/l"
    },
    "imageUrl": "https://cdn.barbora.lv/products/4f25e817-7a2f-484e-b6a7-857bc0722b3f_s.png",
    "available": true,
    "discount": 33
  },
  {
    "shop": "MAXIMA",
    "categories": [
      1,
      1001,
      1001003
    ],
    "productName": "Vīns CONO SUR Sauvignon Blanc 12% 0,75L",
    "productPriceOld": {
      "value": 9.2,
      "unit": "€"
    },
    "productPrice": {
      "value": 9.2,
      "unit": "€"
    },
    "productPricePerUnit": {
      "value": 12.27,
      "unit": "€/l"
    },
    "productPriceWithLoyaltyCard": {
      "value": 6.19,
      "unit": "€"
    },
    "productPricePerUnitWithLoyaltyCard": {
      "value": 8.26,
      "unit": "€/l"
    },
    "imageUrl": "https://cdn.barbora.lv/products/40d61c89-d2bf-4804-a329-a1a2aa7bf64d_s.png",
    "available": true,
    "discount": 33
  },
  {
    "shop": "RIMI",
    "categories": [
      2,
      2001,
      20010015
    ],
    "productName": "Sausiņi Flora ar cukurotām dzērvenēm 180g",
    "productPriceOld": null,
    "productPrice": {
      "value": 1.49,
      "unit": "€/gab"
    },
    "productPricePerUnit": {
      "value": 8.28,
      "unit": "€/kg"
    },
    "productPriceWithLoyaltyCard": null,
    "productPricePerUnitWithLoyaltyCard": null,
    "imageUrl": "https://rimibaltic-res.cloudinary.com/image/upload/d_ecommerce:backend-fallback.png/MAT_979250_PCE_LV",
    "available": true,
    "discount": null
  },
  {
    "shop": "RIMI",
    "categories": [
      2,
      2001,
      2001004
    ],
    "productName": "Rudzu rikas ar diedzētiem graudiem 240g",
    "productPriceOld": null,
    "productPrice": {
      "value": 1.99,
      "unit": "€/gab"
    },
    "productPricePerUnit": {
      "value": 8.29,
      "unit": "€/kg"
    },
    "productPriceWithLoyaltyCard": null,
    "productPricePerUnitWithLoyaltyCard": null,
    "imageUrl": "https://rimibaltic-res.cloudinary.com/image/upload/d_ecommerce:backend-fallback.png/MAT_975043_PCE_LV",
    "available": true,
    "discount": null
  },
  {
    "shop": "RIMI",
    "categories": [
      1,
      1001,
      1001006
    ],
    "productName": "Vermuts Bellissimo Rosso 14,5% 1l",
    "productPriceOld": null,
    "productPrice": {
      "value": 8.29,
      "unit": "€/gab"
    },
    "productPricePerUnit": {
      "value": 8.29,
      "unit": "€/l"
    },
    "productPriceWithLoyaltyCard": null,
    "productPricePerUnitWithLoyaltyCard": null,
    "imageUrl": "https://rimibaltic-res.cloudinary.com/image/upload/d_ecommerce:backend-fallback.png/MAT_810917_PCE_LV",
    "available": true,
    "discount": null
  },
  {
    "shop": "RIMI",
    "categories": [
      1,
      1001,
      1001006
    ],
    "productName": "Vermuts Bellissimo Rosso 14,5% 1l",
    "productPriceOld": null,
    "productPrice": {
      "value": 8.29,
      "unit": "€/gab"
    },
    "productPricePerUnit": {
      "value": 8.29,
      "unit": "€/l"
    },
    "productPriceWithLoyaltyCard": null,
    "productPricePerUnitWithLoyaltyCard": null,
    "imageUrl": "https://rimibaltic-res.cloudinary.com/image/upload/d_ecommerce:backend-fallback.png/MAT_810917_PCE_LV",
    "available": true,
    "discount": null
  },
  {
    "shop": "RIMI",
    "categories": [
      1,
      1001,
      1001006
    ],
    "productName": "Vermuts Bellissimo Bianco 14,5% 1l",
    "productPriceOld": null,
    "productPrice": {
      "value": 8.29,
      "unit": "€/gab"
    },
    "productPricePerUnit": {
      "value": 8.29,
      "unit": "€/l"
    },
    "productPriceWithLoyaltyCard": null,
    "productPricePerUnitWithLoyaltyCard": null,
    "imageUrl": "https://rimibaltic-res.cloudinary.com/image/upload/d_ecommerce:backend-fallback.png/MAT_805899_PCE_LV",
    "available": true,
    "discount": null
  },
  {
    "shop": "MAXIMA",
    "categories": [
      2,
      2001,
      2001004
    ],
    "productName": "Rudzu Rikas HM ar diedzētiem graudiem 240g",
    "productPriceOld": null,
    "productPrice": {
      "value": 1.99,
      "unit": "€"
    },
    "productPricePerUnit": {
      "value": 8.29,
      "unit": "€/kg"
    },
    "productPriceWithLoyaltyCard": null,
    "productPricePerUnitWithLoyaltyCard": null,
    "imageUrl": "https://cdn.barbora.lv/products/b2917388-e709-4bdd-8496-a54ac7215862_s.png",
    "available": true,
    "discount": null
  },
  {
    "shop": "RIMI",
    "categories": [
      2,
      2001,
      20010012
    ],
    "productName": "Ciabata Rustika Izcep pats bez rauga 300g",
    "productPriceOld": null,
    "productPrice": {
      "value": 2.49,
      "unit": "€/gab"
    },
    "productPricePerUnit": {
      "value": 8.3,
      "unit": "€/kg"
    },
    "productPriceWithLoyaltyCard": null,
    "productPricePerUnitWithLoyaltyCard": null,
    "imageUrl": "https://rimibaltic-res.cloudinary.com/image/upload/d_ecommerce:backend-fallback.png/MAT_985835_PCE_LV",
    "available": true,
    "discount": null
  },
  {
    "shop": "MAXIMA",
    "categories": [
      2,
      2005
    ],
    "productName": "Štricele ar kanēļa pildījumu MEISTARA MARKA 300g",
    "productPriceOld": null,
    "productPrice": {
      "value": 2.49,
      "unit": "€"
    },
    "productPricePerUnit": {
      "value": 8.3,
      "unit": "€/kg"
    },
    "productPriceWithLoyaltyCard": null,
    "productPricePerUnitWithLoyaltyCard": null,
    "imageUrl": "https://cdn.barbora.lv/products/5b66ea68-34c4-4a77-adf7-cc2cb83cda73_s.png",
    "available": true,
    "discount": null
  },
  {
    "shop": "MAXIMA",
    "categories": [
      2,
      2007
    ],
    "productName": "Kēkss biezpiena 360g",
    "productPriceOld": null,
    "productPrice": {
      "value": 2.99,
      "unit": "€"
    },
    "productPricePerUnit": {
      "value": 8.31,
      "unit": "€/kg"
    },
    "productPriceWithLoyaltyCard": null,
    "productPricePerUnitWithLoyaltyCard": null,
    "imageUrl": "https://cdn.barbora.lv/products/87e24604-c07a-4346-96bc-f2e2e6ae3207_s.png",
    "available": true,
    "discount": null
  },
  {
    "shop": "RIMI",
    "categories": [
      1,
      1001,
      1001005
    ],
    "productName": "Alk. kokt. Garage Hardc Grapefruit 6%0,275l",
    "productPriceOld": null,
    "productPrice": {
      "value": 2.29,
      "unit": "€/gab"
    },
    "productPricePerUnit": {
      "value": 8.33,
      "unit": "€/l"
    },
    "productPriceWithLoyaltyCard": null,
    "productPricePerUnitWithLoyaltyCard": null,
    "imageUrl": "https://rimibaltic-res.cloudinary.com/image/upload/d_ecommerce:backend-fallback.png/MAT_1371618_PCE_LV",
    "available": true,
    "discount": null
  },
  {
    "shop": "RIMI",
    "categories": [
      1,
      1001,
      1001005
    ],
    "productName": "Alkohol. kokteilis Garage Cherry 6% 0,275l",
    "productPriceOld": null,
    "productPrice": {
      "value": 2.29,
      "unit": "€/gab"
    },
    "productPricePerUnit": {
      "value": 8.33,
      "unit": "€/l"
    },
    "productPriceWithLoyaltyCard": null,
    "productPricePerUnitWithLoyaltyCard": null,
    "imageUrl": "https://rimibaltic-res.cloudinary.com/image/upload/d_ecommerce:backend-fallback.png/MAT_1371634_PCE_LV",
    "available": true,
    "discount": null
  },
  {
    "shop": "RIMI",
    "categories": [
      1,
      1001,
      1001005
    ],
    "productName": "Alk. kokt. Garage Hardc Grapefruit 6%0,275l",
    "productPriceOld": null,
    "productPrice": {
      "value": 2.29,
      "unit": "€/gab"
    },
    "productPricePerUnit": {
      "value": 8.33,
      "unit": "€/l"
    },
    "productPriceWithLoyaltyCard": null,
    "productPricePerUnitWithLoyaltyCard": null,
    "imageUrl": "https://rimibaltic-res.cloudinary.com/image/upload/d_ecommerce:backend-fallback.png/MAT_1371618_PCE_LV",
    "available": true,
    "discount": null
  },
  {
    "shop": "RIMI",
    "categories": [
      1,
      1001,
      1001005
    ],
    "productName": "Alkohol. kokteilis Garage Cherry 6% 0,275l",
    "productPriceOld": null,
    "productPrice": {
      "value": 2.29,
      "unit": "€/gab"
    },
    "productPricePerUnit": {
      "value": 8.33,
      "unit": "€/l"
    },
    "productPriceWithLoyaltyCard": null,
    "productPricePerUnitWithLoyaltyCard": null,
    "imageUrl": "https://rimibaltic-res.cloudinary.com/image/upload/d_ecommerce:backend-fallback.png/MAT_1371634_PCE_LV",
    "available": true,
    "discount": null
  },
  {
    "shop": "RIMI",
    "categories": [
      1,
      1001,
      1001005
    ],
    "productName": "Alk. k. LB Džims Toniks Greipfr. 14,5% 0,275l",
    "productPriceOld": null,
    "productPrice": {
      "value": 2.29,
      "unit": "€/gab"
    },
    "productPricePerUnit": {
      "value": 8.33,
      "unit": "€/l"
    },
    "productPriceWithLoyaltyCard": null,
    "productPricePerUnitWithLoyaltyCard": null,
    "imageUrl": "https://rimibaltic-res.cloudinary.com/image/upload/d_ecommerce:backend-fallback.png/MAT_7247330_PCE_LV",
    "available": true,
    "discount": null
  },
  {
    "shop": "RIMI",
    "categories": [
      1,
      1001,
      1001005
    ],
    "productName": "Alk. k. LB Džims Toniks Greipfr. 14,5% 0,275l",
    "productPriceOld": null,
    "productPrice": {
      "value": 2.29,
      "unit": "€/gab"
    },
    "productPricePerUnit": {
      "value": 8.33,
      "unit": "€/l"
    },
    "productPriceWithLoyaltyCard": null,
    "productPricePerUnitWithLoyaltyCard": null,
    "imageUrl": "https://rimibaltic-res.cloudinary.com/image/upload/d_ecommerce:backend-fallback.png/MAT_7247330_PCE_LV",
    "available": true,
    "discount": null
  },
  {
    "shop": "RIMI",
    "categories": [
      1,
      1001,
      1001005
    ],
    "productName": "Alk. kokteilis LB Brūklene 14,5% 0,275l",
    "productPriceOld": null,
    "productPrice": {
      "value": 2.29,
      "unit": "€/gab"
    },
    "productPricePerUnit": {
      "value": 8.33,
      "unit": "€/l"
    },
    "productPriceWithLoyaltyCard": null,
    "productPricePerUnitWithLoyaltyCard": null,
    "imageUrl": "https://rimibaltic-res.cloudinary.com/image/upload/d_ecommerce:backend-fallback.png/MAT_7247315_PCE_LV",
    "available": true,
    "discount": null
  },
  {
    "shop": "RIMI",
    "categories": [
      1,
      1001,
      1001005
    ],
    "productName": "Alk. kokteilis LB Roks Kola 14,5% 0,275l",
    "productPriceOld": null,
    "productPrice": {
      "value": 2.29,
      "unit": "€/gab"
    },
    "productPricePerUnit": {
      "value": 8.33,
      "unit": "€/l"
    },
    "productPriceWithLoyaltyCard": null,
    "productPricePerUnitWithLoyaltyCard": null,
    "imageUrl": "https://rimibaltic-res.cloudinary.com/image/upload/d_ecommerce:backend-fallback.png/MAT_7247332_PCE_LV",
    "available": true,
    "discount": null
  },
  {
    "shop": "RIMI",
    "categories": [
      1,
      1001,
      1001005
    ],
    "productName": "Alk. kokteilis LB Ķirsis 14,5% 0,275l",
    "productPriceOld": null,
    "productPrice": {
      "value": 2.29,
      "unit": "€/gab"
    },
    "productPricePerUnit": {
      "value": 8.33,
      "unit": "€/l"
    },
    "productPriceWithLoyaltyCard": null,
    "productPricePerUnitWithLoyaltyCard": null,
    "imageUrl": "https://rimibaltic-res.cloudinary.com/image/upload/d_ecommerce:backend-fallback.png/MAT_7247329_PCE_LV",
    "available": true,
    "discount": null
  },
  {
    "shop": "RIMI",
    "categories": [
      1,
      1001,
      1001001
    ],
    "productName": "Alus Valmiermuiža port. ar upenēm 6,5% 0,33l",
    "productPriceOld": null,
    "productPrice": {
      "value": 2.75,
      "unit": "€/gab"
    },
    "productPricePerUnit": {
      "value": 8.33,
      "unit": "€/l"
    },
    "productPriceWithLoyaltyCard": null,
    "productPricePerUnitWithLoyaltyCard": null,
    "imageUrl": "https://rimibaltic-res.cloudinary.com/image/upload/d_ecommerce:backend-fallback.png/MAT_1372288_PCE_LV",
    "available": true,
    "discount": null
  },
  {
    "shop": "RIMI",
    "categories": [
      1,
      1001,
      1001005
    ],
    "productName": "Alko. kokteilis LB Margarita 14,5% 0,275l",
    "productPriceOld": null,
    "productPrice": {
      "value": 2.29,
      "unit": "€/gab"
    },
    "productPricePerUnit": {
      "value": 8.33,
      "unit": "€/l"
    },
    "productPriceWithLoyaltyCard": null,
    "productPricePerUnitWithLoyaltyCard": null,
    "imageUrl": "https://rimibaltic-res.cloudinary.com/image/upload/d_ecommerce:backend-fallback.png/MAT_1372850_PCE_LV",
    "available": true,
    "discount": null
  },
  {
    "shop": "RIMI",
    "categories": [
      1,
      1001,
      1001005
    ],
    "productName": "Kokteilis LB Upene 14,5% 0,275ml",
    "productPriceOld": null,
    "productPrice": {
      "value": 2.29,
      "unit": "€/gab"
    },
    "productPricePerUnit": {
      "value": 8.33,
      "unit": "€/l"
    },
    "productPriceWithLoyaltyCard": null,
    "productPricePerUnitWithLoyaltyCard": null,
    "imageUrl": "https://rimibaltic-res.cloudinary.com/image/upload/d_ecommerce:backend-fallback.png/MAT_1373121_PCE_LV",
    "available": true,
    "discount": null
  },
  {
    "shop": "MAXIMA",
    "categories": [
      1,
      1001,
      1001005
    ],
    "productName": "Alk.kot. LB Margarita 14,5% 0,275L D",
    "productPriceOld": null,
    "productPrice": {
      "value": 2.29,
      "unit": "€"
    },
    "productPricePerUnit": {
      "value": 8.33,
      "unit": "€/l"
    },
    "productPriceWithLoyaltyCard": null,
    "productPricePerUnitWithLoyaltyCard": null,
    "imageUrl": "https://cdn.barbora.lv/products/12e564c8-548f-4f10-99cc-0a684fd6f7a0_s.png",
    "available": true,
    "discount": null
  },
  {
    "shop": "MAXIMA",
    "categories": [
      1,
      1001,
      1001005
    ],
    "productName": "Alk.kokt. LB Brūklene 14,5% 0,275L D",
    "productPriceOld": null,
    "productPrice": {
      "value": 2.29,
      "unit": "€"
    },
    "productPricePerUnit": {
      "value": 8.33,
      "unit": "€/l"
    },
    "productPriceWithLoyaltyCard": null,
    "productPricePerUnitWithLoyaltyCard": null,
    "imageUrl": "https://cdn.barbora.lv/products/2c126e0c-6305-40ac-b8b9-89b0500d14d5_s.png",
    "available": true,
    "discount": null
  },
  {
    "shop": "MAXIMA",
    "categories": [
      1,
      1001,
      1001005
    ],
    "productName": "Alk.kokt. LB Džims Toniks 14,5% 0,275L D",
    "productPriceOld": null,
    "productPrice": {
      "value": 2.29,
      "unit": "€"
    },
    "productPricePerUnit": {
      "value": 8.33,
      "unit": "€/l"
    },
    "productPriceWithLoyaltyCard": null,
    "productPricePerUnitWithLoyaltyCard": null,
    "imageUrl": "https://cdn.barbora.lv/products/4992ca50-d1a6-4544-966a-df938b2cead2_s.png",
    "available": true,
    "discount": null
  },
  {
    "shop": "MAXIMA",
    "categories": [
      1,
      1001,
      1001005
    ],
    "productName": "Alk.kokt. LB Ķirsis 14,5% 0,275L D",
    "productPriceOld": null,
    "productPrice": {
      "value": 2.29,
      "unit": "€"
    },
    "productPricePerUnit": {
      "value": 8.33,
      "unit": "€/l"
    },
    "productPriceWithLoyaltyCard": null,
    "productPricePerUnitWithLoyaltyCard": null,
    "imageUrl": "https://cdn.barbora.lv/products/e21adee9-a1b5-487e-89ff-29b127accc5a_s.png",
    "available": true,
    "discount": null
  },
  {
    "shop": "MAXIMA",
    "categories": [
      1,
      1001,
      1001005
    ],
    "productName": "Alk.kokt. LB Roks Kola 14,5% 0,275L D",
    "productPriceOld": null,
    "productPrice": {
      "value": 2.29,
      "unit": "€"
    },
    "productPricePerUnit": {
      "value": 8.33,
      "unit": "€/l"
    },
    "productPriceWithLoyaltyCard": null,
    "productPricePerUnitWithLoyaltyCard": null,
    "imageUrl": "https://cdn.barbora.lv/products/063a89b3-e832-4045-8d37-74e57baae263_s.png",
    "available": true,
    "discount": null
  },
  {
    "shop": "MAXIMA",
    "categories": [
      1,
      1001,
      1001005
    ],
    "productName": "Alk.kokt.GARAGE Hard Grapefr. 6% 0,275L",
    "productPriceOld": null,
    "productPrice": {
      "value": 2.29,
      "unit": "€"
    },
    "productPricePerUnit": {
      "value": 8.33,
      "unit": "€/l"
    },
    "productPriceWithLoyaltyCard": null,
    "productPricePerUnitWithLoyaltyCard": null,
    "imageUrl": "https://cdn.barbora.lv/products/63e823e2-cb5b-42c8-86fc-e48056d31e8e_s.png",
    "available": true,
    "discount": null
  },
  {
    "shop": "MAXIMA",
    "categories": [
      1,
      1001,
      1001005
    ],
    "productName": "Alk.kokteilis LB Upene 14,5% 0,275L D",
    "productPriceOld": null,
    "productPrice": {
      "value": 2.29,
      "unit": "€"
    },
    "productPricePerUnit": {
      "value": 8.33,
      "unit": "€/l"
    },
    "productPriceWithLoyaltyCard": null,
    "productPricePerUnitWithLoyaltyCard": null,
    "imageUrl": "https://cdn.barbora.lv/products/32d413eb-41ed-480c-a7f2-be7a2058833d_s.png",
    "available": true,
    "discount": null
  },
  {
    "shop": "MAXIMA",
    "categories": [
      2,
      2001,
      20010015
    ],
    "productName": "Mini maizes standziņas pie tējas Mario 300g",
    "productPriceOld": null,
    "productPrice": {
      "value": 2.5,
      "unit": "€"
    },
    "productPricePerUnit": {
      "value": 8.33,
      "unit": "€/kg"
    },
    "productPriceWithLoyaltyCard": null,
    "productPricePerUnitWithLoyaltyCard": null,
    "imageUrl": "https://cdn.barbora.lv/products/2e71d38f-3f6a-4d5b-8060-693c7dcacad8_s.png",
    "available": true,
    "discount": null
  },
  {
    "shop": "CITRO",
    "categories": [
      1,
      1001,
      1001005
    ],
    "productName": "ALK.KOKT. DINS VODKA & TONIC CRANBERRY 14% 0.275L",
    "productPriceOld": null,
    "productPrice": null,
    "productPricePerUnit": {
      "value": 8.33,
      "unit": "€/L"
    },
    "productPriceWithLoyaltyCard": null,
    "productPricePerUnitWithLoyaltyCard": null,
    "imageUrl": "https://rezekne.citro.lv/wp-content/uploads/2023/03/4750021012181-300x300.jpg",
    "available": true,
    "discount": null
  },
  {
    "shop": "CITRO",
    "categories": [
      2,
      2001,
      20010015
    ],
    "productName": "SAUSIŅI VILNIS AR JERKI GARŠU FLINT 90G",
    "productPriceOld": {
      "value": 0.85,
      "unit": "€"
    },
    "productPrice": {
      "value": 0.75,
      "unit": "€"
    },
    "productPricePerUnit": {
      "value": 8.33,
      "unit": "€/KG"
    },
    "productPriceWithLoyaltyCard": null,
    "productPricePerUnitWithLoyaltyCard": null,
    "imageUrl": "https://rezekne.citro.lv/wp-content/uploads/2023/11/4820182748776-300x300.jpg",
    "available": true,
    "discount": 12
  },
  {
    "shop": "CITRO",
    "categories": [
      2,
      2001,
      20010015
    ],
    "productName": "SAUSIŅI VILNIS AR ĶIPLOKU GARŠU FLINT 90G",
    "productPriceOld": {
      "value": 0.85,
      "unit": "€"
    },
    "productPrice": {
      "value": 0.75,
      "unit": "€"
    },
    "productPricePerUnit": {
      "value": 8.33,
      "unit": "€/KG"
    },
    "productPriceWithLoyaltyCard": null,
    "productPricePerUnitWithLoyaltyCard": null,
    "imageUrl": "https://rezekne.citro.lv/wp-content/uploads/2023/11/4820182748790-300x300.jpg",
    "available": true,
    "discount": 12
  },
  {
    "shop": "RIMI",
    "categories": [
      1,
      1001,
      1001003
    ],
    "productName": "Baltv. Badgers Creek Chardonnay 12% 0,25l",
    "productPriceOld": null,
    "productPrice": {
      "value": 3.05,
      "unit": "€/gab"
    },
    "productPricePerUnit": {
      "value": 12.2,
      "unit": "€/l"
    },
    "productPriceWithLoyaltyCard": {
      "value": 2.09,
      "unit": "€"
    },
    "productPricePerUnitWithLoyaltyCard": {
      "value": 8.36,
      "unit": "€/l"
    },
    "imageUrl": "https://rimibaltic-res.cloudinary.com/image/upload/d_ecommerce:backend-fallback.png/MAT_7288746_PCE_LV",
    "available": true,
    "discount": 31
  },
  {
    "shop": "RIMI",
    "categories": [
      1,
      1001,
      1001003
    ],
    "productName": "S.v. Badgers Creek Shiraz Caber. 13% 0,25l",
    "productPriceOld": null,
    "productPrice": {
      "value": 3.05,
      "unit": "€/gab"
    },
    "productPricePerUnit": {
      "value": 12.2,
      "unit": "€/l"
    },
    "productPriceWithLoyaltyCard": {
      "value": 2.09,
      "unit": "€"
    },
    "productPricePerUnitWithLoyaltyCard": {
      "value": 8.36,
      "unit": "€/l"
    },
    "imageUrl": "https://rimibaltic-res.cloudinary.com/image/upload/d_ecommerce:backend-fallback.png/MAT_7288755_PCE_LV",
    "available": true,
    "discount": 31
  },
  {
    "shop": "MAXIMA",
    "categories": [
      2,
      2001,
      20010015
    ],
    "productName": "Sausiņi ar rozīnēm Flora 250g",
    "productPriceOld": null,
    "productPrice": {
      "value": 2.09,
      "unit": "€"
    },
    "productPricePerUnit": {
      "value": 8.36,
      "unit": "€/kg"
    },
    "productPriceWithLoyaltyCard": null,
    "productPricePerUnitWithLoyaltyCard": null,
    "imageUrl": "https://cdn.barbora.lv/products/0b92611a-1f64-4ec3-8f64-12ba1f6ee692_s.png",
    "available": true,
    "discount": null
  },
  {
    "shop": "CITRO",
    "categories": [
      1,
      1001,
      1001005
    ],
    "productName": "ALK.KOKT. BLACK BALSAM CURRANT 12% 0.25L",
    "productPriceOld": {
      "value": 2.29,
      "unit": "€"
    },
    "productPrice": {
      "value": 2.09,
      "unit": "€"
    },
    "productPricePerUnit": {
      "value": 8.36,
      "unit": "€/L"
    },
    "productPriceWithLoyaltyCard": null,
    "productPricePerUnitWithLoyaltyCard": null,
    "imageUrl": "https://rezekne.citro.lv/wp-content/uploads/2023/05/4750012001057-300x300.jpg",
    "available": true,
    "discount": 9
  },
  {
    "shop": "CITRO",
    "categories": [
      2,
      2001,
      20010013
    ],
    "productName": "MAIZĪTES HOTDOGU CLASSIC 4GAB. 250G",
    "productPriceOld": null,
    "productPrice": null,
    "productPricePerUnit": {
      "value": 8.36,
      "unit": "€/KG"
    },
    "productPriceWithLoyaltyCard": null,
    "productPricePerUnitWithLoyaltyCard": null,
    "imageUrl": "https://rezekne.citro.lv/wp-content/uploads/2021/05/4751003492991-300x300.jpg",
    "available": true,
    "discount": null
  },
  {
    "shop": "RIMI",
    "categories": [
      2,
      2001,
      20010015
    ],
    "productName": "Grauzdiņi alus ķiploku kg",
    "productPriceOld": null,
    "productPrice": {
      "value": 8.39,
      "unit": "€/kg"
    },
    "productPricePerUnit": {
      "value": 8.39,
      "unit": "€/kg"
    },
    "productPriceWithLoyaltyCard": null,
    "productPricePerUnitWithLoyaltyCard": null,
    "imageUrl": "https://rimibaltic-res.cloudinary.com/image/upload/d_ecommerce:backend-fallback.png/MAT_279748_KGM_LV",
    "available": true,
    "discount": null
  },
  {
    "shop": "RIMI",
    "categories": [
      2,
      2001,
      20010015
    ],
    "productName": "Grauzdiņi asie ķiploku kg",
    "productPriceOld": null,
    "productPrice": {
      "value": 8.39,
      "unit": "€/kg"
    },
    "productPricePerUnit": {
      "value": 8.39,
      "unit": "€/kg"
    },
    "productPriceWithLoyaltyCard": null,
    "productPricePerUnitWithLoyaltyCard": null,
    "imageUrl": "https://rimibaltic-res.cloudinary.com/image/upload/d_ecommerce:backend-fallback.png/MAT_279749_KGM_LV",
    "available": true,
    "discount": null
  },
  {
    "shop": "RIMI",
    "categories": [
      1,
      1001,
      1001001
    ],
    "productName": "Alus Labietis Rozā Vienradzis 5,8% 0,44l",
    "productPriceOld": null,
    "productPrice": {
      "value": 3.69,
      "unit": "€/gab"
    },
    "productPricePerUnit": {
      "value": 8.39,
      "unit": "€/l"
    },
    "productPriceWithLoyaltyCard": null,
    "productPricePerUnitWithLoyaltyCard": null,
    "imageUrl": "https://rimibaltic-res.cloudinary.com/image/upload/d_ecommerce:backend-fallback.png/MAT_7298234_PCE_LV",
    "available": true,
    "discount": null
  },
  {
    "shop": "MAXIMA",
    "categories": [
      1,
      1001,
      1001003
    ],
    "productName": "Vīns AUSSIE RULES CHARDONAY 12,5% 0,75L",
    "productPriceOld": null,
    "productPrice": {
      "value": 6.29,
      "unit": "€"
    },
    "productPricePerUnit": {
      "value": 8.39,
      "unit": "€/l"
    },
    "productPriceWithLoyaltyCard": null,
    "productPricePerUnitWithLoyaltyCard": null,
    "imageUrl": "https://cdn.barbora.lv/products/3fc265a7-f6ee-4a11-9cd4-d871671b3dcb_s.png",
    "available": true,
    "discount": null
  },
  {
    "shop": "MAXIMA",
    "categories": [
      1,
      1001,
      1001003
    ],
    "productName": "Vīns AUSSIE Rules Shiraz 13,5% 0,75L",
    "productPriceOld": null,
    "productPrice": {
      "value": 6.29,
      "unit": "€"
    },
    "productPricePerUnit": {
      "value": 8.39,
      "unit": "€/l"
    },
    "productPriceWithLoyaltyCard": null,
    "productPricePerUnitWithLoyaltyCard": null,
    "imageUrl": "https://cdn.barbora.lv/products/6d825cf3-7c27-44d7-b010-8cb16b55ecc9_s.png",
    "available": true,
    "discount": null
  },
  {
    "shop": "CITRO",
    "categories": [
      1,
      1001,
      1001004
    ],
    "productName": "DZ.VĪNS ŠAMPANIETIS RĪGAS BRUTS 11.5% 0.75L",
    "productPriceOld": null,
    "productPrice": null,
    "productPricePerUnit": {
      "value": 8.39,
      "unit": "€/L"
    },
    "productPriceWithLoyaltyCard": null,
    "productPricePerUnitWithLoyaltyCard": null,
    "imageUrl": "https://rezekne.citro.lv/wp-content/uploads/2020/04/4750012403851-233x300.jpg",
    "available": true,
    "discount": null
  },
  {
    "shop": "CITRO",
    "categories": [
      1,
      1001,
      1001004
    ],
    "productName": "DZ.VĪNS ŠAMPANIETIS RĪGAS ORIĢINĀLAIS 11.5% 0.75L",
    "productPriceOld": null,
    "productPrice": null,
    "productPricePerUnit": {
      "value": 8.39,
      "unit": "€/L"
    },
    "productPriceWithLoyaltyCard": null,
    "productPricePerUnitWithLoyaltyCard": null,
    "imageUrl": "https://rezekne.citro.lv/wp-content/uploads/2022/09/4750012492855-arFonu-300x300.jpg",
    "available": true,
    "discount": null
  },
  {
    "shop": "RIMI",
    "categories": [
      2,
      2008
    ],
    "productName": "Virtulis Donut Cookie ar pildījumu atk. 70g",
    "productPriceOld": null,
    "productPrice": {
      "value": 0.59,
      "unit": "€/gab"
    },
    "productPricePerUnit": {
      "value": 8.43,
      "unit": "€/kg"
    },
    "productPriceWithLoyaltyCard": null,
    "productPricePerUnitWithLoyaltyCard": null,
    "imageUrl": "https://rimibaltic-res.cloudinary.com/image/upload/d_ecommerce:backend-fallback.png/MAT_4002889_PCE_LV",
    "available": true,
    "discount": null
  },
  {
    "shop": "MAXIMA",
    "categories": [
      2,
      2008
    ],
    "productName": "Virtulis ar karameļu pild.70g atkausēts",
    "productPriceOld": {
      "value": 0.69,
      "unit": "€"
    },
    "productPrice": {
      "value": 0.59,
      "unit": "€"
    },
    "productPricePerUnit": {
      "value": 8.43,
      "unit": "€/kg"
    },
    "productPriceWithLoyaltyCard": null,
    "productPricePerUnitWithLoyaltyCard": null,
    "imageUrl": "https://cdn.barbora.lv/products/1f581670-76a1-4906-a672-199f92d35b58_s.png",
    "available": true,
    "discount": 14
  },
  {
    "shop": "RIMI",
    "categories": [
      2,
      2008
    ],
    "productName": "Virtulis Ring of Sour ar zemeņu garšu atk.65g",
    "productPriceOld": null,
    "productPrice": {
      "value": 0.55,
      "unit": "€/gab"
    },
    "productPricePerUnit": {
      "value": 8.46,
      "unit": "€/kg"
    },
    "productPriceWithLoyaltyCard": null,
    "productPricePerUnitWithLoyaltyCard": null,
    "imageUrl": "https://rimibaltic-res.cloudinary.com/image/upload/d_ecommerce:backend-fallback.png/MAT_4005995_PCE_LV",
    "available": true,
    "discount": null
  },
  {
    "shop": "RIMI",
    "categories": [
      2,
      2008
    ],
    "productName": "Virtul.Sour Bubble Gum mež.ogu pild. atk. 65g",
    "productPriceOld": null,
    "productPrice": {
      "value": 0.55,
      "unit": "€/gab"
    },
    "productPricePerUnit": {
      "value": 8.46,
      "unit": "€/kg"
    },
    "productPriceWithLoyaltyCard": null,
    "productPricePerUnitWithLoyaltyCard": null,
    "imageUrl": "https://rimibaltic-res.cloudinary.com/image/upload/d_ecommerce:backend-fallback.png/MAT_4005976_PCE_LV",
    "available": true,
    "discount": null
  },
  {
    "shop": "MAXIMA",
    "categories": [
      2,
      2005
    ],
    "productName": "Smalkmaizīte Biezpiena ar brūklenēm 65g",
    "productPriceOld": {
      "value": 0.59,
      "unit": "€"
    },
    "productPrice": {
      "value": 0.55,
      "unit": "€"
    },
    "productPricePerUnit": {
      "value": 8.46,
      "unit": "€/kg"
    },
    "productPriceWithLoyaltyCard": null,
    "productPricePerUnitWithLoyaltyCard": null,
    "imageUrl": "https://cdn.barbora.lv/products/22fcdc6a-aaa8-4ec3-811b-01e7a9ed26f5_s.png",
    "available": true,
    "discount": 7
  },
  {
    "shop": "RIMI",
    "categories": [
      2,
      2005
    ],
    "productName": "Biskvītkūka Dance Cake vaniļas 400g",
    "productPriceOld": null,
    "productPrice": {
      "value": 3.39,
      "unit": "€/gab"
    },
    "productPricePerUnit": {
      "value": 8.47,
      "unit": "€/kg"
    },
    "productPriceWithLoyaltyCard": null,
    "productPricePerUnitWithLoyaltyCard": null,
    "imageUrl": "https://rimibaltic-res.cloudinary.com/image/upload/d_ecommerce:backend-fallback.png/MAT_102995_PCE_LV",
    "available": true,
    "discount": null
  },
  {
    "shop": "MAXIMA",
    "categories": [
      2,
      2001,
      20010015
    ],
    "productName": "Rīsu kuk. galetes FITOS Toffee b/g 140g",
    "productPriceOld": {
      "value": 1.49,
      "unit": "€"
    },
    "productPrice": {
      "value": 1.19,
      "unit": "€"
    },
    "productPricePerUnit": {
      "value": 8.5,
      "unit": "€/kg"
    },
    "productPriceWithLoyaltyCard": null,
    "productPricePerUnitWithLoyaltyCard": null,
    "imageUrl": "https://cdn.barbora.lv/products/c62813be-22b1-4651-8d1e-959d6b3ef460_s.png",
    "available": true,
    "discount": 20
  },
  {
    "shop": "MAXIMA",
    "categories": [
      1,
      1001,
      1001003
    ],
    "productName": "Vīns GRAN CASTILLO ROSE 12,5% 0,75L",
    "productPriceOld": null,
    "productPrice": {
      "value": 6.39,
      "unit": "€"
    },
    "productPricePerUnit": {
      "value": 8.52,
      "unit": "€/l"
    },
    "productPriceWithLoyaltyCard": null,
    "productPricePerUnitWithLoyaltyCard": null,
    "imageUrl": "https://cdn.barbora.lv/products/0b08a941-a0f8-47cb-8626-d9a97b261a6b_s.png",
    "available": true,
    "discount": null
  },
  {
    "shop": "MAXIMA",
    "categories": [
      1,
      1001,
      1001003
    ],
    "productName": "Dzikst.vīns GRAN CASTILLO Rose 6% 0,75L",
    "productPriceOld": null,
    "productPrice": {
      "value": 6.39,
      "unit": "€"
    },
    "productPricePerUnit": {
      "value": 8.52,
      "unit": "€/l"
    },
    "productPriceWithLoyaltyCard": null,
    "productPricePerUnitWithLoyaltyCard": null,
    "imageUrl": "https://cdn.barbora.lv/products/4cd47e66-b161-463e-baa2-bf1ea76cabec_s.png",
    "available": true,
    "discount": null
  },
  {
    "shop": "MAXIMA",
    "categories": [
      1,
      1001,
      1001004
    ],
    "productName": "Dz.vīns GRAN CASTILLO Gold p/s.11% 0,75L",
    "productPriceOld": null,
    "productPrice": {
      "value": 6.39,
      "unit": "€"
    },
    "productPricePerUnit": {
      "value": 8.52,
      "unit": "€/l"
    },
    "productPriceWithLoyaltyCard": null,
    "productPricePerUnitWithLoyaltyCard": null,
    "imageUrl": "https://cdn.barbora.lv/products/433ab6ba-bb88-4ee4-8de1-b418a2b428b1_s.png",
    "available": true,
    "discount": null
  },
  {
    "shop": "MAXIMA",
    "categories": [
      1,
      1001,
      1001003
    ],
    "productName": "Vīns ANDES Cabernet Sauvignon 13% 0,75L",
    "productPriceOld": null,
    "productPrice": {
      "value": 6.39,
      "unit": "€"
    },
    "productPricePerUnit": {
      "value": 8.52,
      "unit": "€/l"
    },
    "productPriceWithLoyaltyCard": null,
    "productPricePerUnitWithLoyaltyCard": null,
    "imageUrl": "https://cdn.barbora.lv/products/be58e1aa-9e6d-4209-b670-495973104da6_s.png",
    "available": true,
    "discount": null
  },
  {
    "shop": "MAXIMA",
    "categories": [
      1,
      1001,
      1001004
    ],
    "productName": "Dz.vīns GRAN CASTILLO Silv.Dulce 6%0,75L",
    "productPriceOld": null,
    "productPrice": {
      "value": 6.39,
      "unit": "€"
    },
    "productPricePerUnit": {
      "value": 8.52,
      "unit": "€/l"
    },
    "productPriceWithLoyaltyCard": null,
    "productPricePerUnitWithLoyaltyCard": null,
    "imageUrl": "https://cdn.barbora.lv/products/606a91c4-b67a-46fc-b77c-374e0d146e68_s.png",
    "available": true,
    "discount": null
  },
  {
    "shop": "MAXIMA",
    "categories": [
      1,
      1001,
      1001003
    ],
    "productName": "Vīns Pastoral Rubiniu 12% 0,75L",
    "productPriceOld": null,
    "productPrice": {
      "value": 6.39,
      "unit": "€"
    },
    "productPricePerUnit": {
      "value": 8.52,
      "unit": "€/l"
    },
    "productPriceWithLoyaltyCard": null,
    "productPricePerUnitWithLoyaltyCard": null,
    "imageUrl": "https://cdn.barbora.lv/products/3c7a274b-e07c-4fd1-82bd-cac882902015_s.png",
    "available": true,
    "discount": null
  },
  {
    "shop": "MAXIMA",
    "categories": [
      1,
      1001,
      1001003
    ],
    "productName": "Vīns ANDES Merlot Chile 13% 0,75L",
    "productPriceOld": null,
    "productPrice": {
      "value": 6.39,
      "unit": "€"
    },
    "productPricePerUnit": {
      "value": 8.52,
      "unit": "€/l"
    },
    "productPriceWithLoyaltyCard": null,
    "productPricePerUnitWithLoyaltyCard": null,
    "imageUrl": "https://cdn.barbora.lv/products/ea60216f-1652-4f94-ab20-b9e9cde9aba5_s.png",
    "available": true,
    "discount": null
  },
  {
    "shop": "MAXIMA",
    "categories": [
      1,
      1001,
      1001003
    ],
    "productName": "Vīns MAISON CASTEL Cab.Sauvig.12,5%750ml",
    "productPriceOld": {
      "value": 8.78,
      "unit": "€"
    },
    "productPrice": {
      "value": 8.78,
      "unit": "€"
    },
    "productPricePerUnit": {
      "value": 11.71,
      "unit": "€/l"
    },
    "productPriceWithLoyaltyCard": {
      "value": 6.39,
      "unit": "€"
    },
    "productPricePerUnitWithLoyaltyCard": {
      "value": 8.52,
      "unit": "€/l"
    },
    "imageUrl": "https://cdn.barbora.lv/products/69764761-55e2-4820-9b42-f2a8ec27693f_s.png",
    "available": true,
    "discount": 27
  },
  {
    "shop": "MAXIMA",
    "categories": [
      1,
      1001,
      1001003
    ],
    "productName": "Vīns MAISON CASTEL Musc.M.Sw.11,5% 0,75L",
    "productPriceOld": {
      "value": 9.64,
      "unit": "€"
    },
    "productPrice": {
      "value": 9.64,
      "unit": "€"
    },
    "productPricePerUnit": {
      "value": 12.85,
      "unit": "€/l"
    },
    "productPriceWithLoyaltyCard": {
      "value": 6.39,
      "unit": "€"
    },
    "productPricePerUnitWithLoyaltyCard": {
      "value": 8.52,
      "unit": "€/l"
    },
    "imageUrl": "https://cdn.barbora.lv/products/802ee8b6-4470-4224-88cc-8b6edc27ddce_s.png",
    "available": true,
    "discount": 34
  },
  {
    "shop": "MAXIMA",
    "categories": [
      1,
      1001,
      1001003
    ],
    "productName": "Vīns MAISON CASTEL Chardonnay 12,5%0,75L",
    "productPriceOld": {
      "value": 8.78,
      "unit": "€"
    },
    "productPrice": {
      "value": 8.78,
      "unit": "€"
    },
    "productPricePerUnit": {
      "value": 11.71,
      "unit": "€/l"
    },
    "productPriceWithLoyaltyCard": {
      "value": 6.39,
      "unit": "€"
    },
    "productPricePerUnitWithLoyaltyCard": {
      "value": 8.52,
      "unit": "€/l"
    },
    "imageUrl": "https://cdn.barbora.lv/products/c8228897-43b0-4e21-9765-87d00f5595f9_s.png",
    "available": true,
    "discount": 27
  },
  {
    "shop": "MAXIMA",
    "categories": [
      1,
      1001,
      1001003
    ],
    "productName": "Vīns MAISON CASTEL Gren.Med.Sw.12% 0,75L",
    "productPriceOld": {
      "value": 9.64,
      "unit": "€"
    },
    "productPrice": {
      "value": 9.64,
      "unit": "€"
    },
    "productPricePerUnit": {
      "value": 12.85,
      "unit": "€/l"
    },
    "productPriceWithLoyaltyCard": {
      "value": 6.39,
      "unit": "€"
    },
    "productPricePerUnitWithLoyaltyCard": {
      "value": 8.52,
      "unit": "€/l"
    },
    "imageUrl": "https://cdn.barbora.lv/products/7fa9db02-609f-4121-972f-abb574219b42_s.png",
    "available": true,
    "discount": 34
  },
  {
    "shop": "MAXIMA",
    "categories": [
      1,
      1002,
      10010026
    ],
    "productName": "Maizīte ar pekanriekstiem un kļavu sīrupu 88g",
    "productPriceOld": null,
    "productPrice": {
      "value": 0.75,
      "unit": "€"
    },
    "productPricePerUnit": {
      "value": 8.52,
      "unit": "€/kg"
    },
    "productPriceWithLoyaltyCard": null,
    "productPricePerUnitWithLoyaltyCard": null,
    "imageUrl": "https://cdn.barbora.lv/products/16162065-ecc5-48de-af80-c19d808ba428_s.png",
    "available": true,
    "discount": null
  },
  {
    "shop": "RIMI",
    "categories": [
      1,
      1002,
      10010025
    ],
    "productName": "Sīrups Hortus cidoniju 0,7l",
    "productPriceOld": null,
    "productPrice": {
      "value": 5.99,
      "unit": "€/gab"
    },
    "productPricePerUnit": {
      "value": 8.56,
      "unit": "€/l"
    },
    "productPriceWithLoyaltyCard": null,
    "productPricePerUnitWithLoyaltyCard": null,
    "imageUrl": "https://rimibaltic-res.cloudinary.com/image/upload/d_ecommerce:backend-fallback.png/MAT_165837_PCE_LV",
    "available": true,
    "discount": null
  },
  {
    "shop": "RIMI",
    "categories": [
      1,
      1001,
      1001003
    ],
    "productName": "B.v. J.P. Chenet Colombard Chard. 11,5% 3l",
    "productPriceOld": null,
    "productPrice": {
      "value": 25.69,
      "unit": "€/gab"
    },
    "productPricePerUnit": {
      "value": 8.56,
      "unit": "€/l"
    },
    "productPriceWithLoyaltyCard": null,
    "productPricePerUnitWithLoyaltyCard": null,
    "imageUrl": "https://rimibaltic-res.cloudinary.com/image/upload/d_ecommerce:backend-fallback.png/MAT_129229_PCE_LV",
    "available": true,
    "discount": null
  },
  {
    "shop": "RIMI",
    "categories": [
      1,
      1001,
      1001003
    ],
    "productName": "S.v. J.P. Chenet Cabernet Syrah 13,5% 3l",
    "productPriceOld": null,
    "productPrice": {
      "value": 25.69,
      "unit": "€/gab"
    },
    "productPricePerUnit": {
      "value": 8.56,
      "unit": "€/l"
    },
    "productPriceWithLoyaltyCard": null,
    "productPricePerUnitWithLoyaltyCard": null,
    "imageUrl": "https://rimibaltic-res.cloudinary.com/image/upload/d_ecommerce:backend-fallback.png/MAT_107886_PCE_LV",
    "available": true,
    "discount": null
  },
  {
    "shop": "MAXIMA",
    "categories": [
      2,
      20011
    ],
    "productName": "Smalkmaizīte Mini ar ābolu pildījumu 45g",
    "productPriceOld": null,
    "productPrice": {
      "value": 0.39,
      "unit": "€"
    },
    "productPricePerUnit": {
      "value": 8.57,
      "unit": "€/kg"
    },
    "productPriceWithLoyaltyCard": null,
    "productPricePerUnitWithLoyaltyCard": null,
    "imageUrl": "https://cdn.barbora.lv/products/45e90dd2-041a-443f-8068-9d00860ba083_s.png",
    "available": true,
    "discount": null
  },
  {
    "shop": "RIMI",
    "categories": [
      2,
      2001,
      20010015
    ],
    "productName": "Sausbaranciņas Maiznieks ar vaniļas g. 250g",
    "productPriceOld": null,
    "productPrice": {
      "value": 2.15,
      "unit": "€/gab"
    },
    "productPricePerUnit": {
      "value": 8.6,
      "unit": "€/kg"
    },
    "productPriceWithLoyaltyCard": null,
    "productPricePerUnitWithLoyaltyCard": null,
    "imageUrl": "https://rimibaltic-res.cloudinary.com/image/upload/d_ecommerce:backend-fallback.png/MAT_996286_PCE_LV",
    "available": true,
    "discount": null
  },
  {
    "shop": "RIMI",
    "categories": [
      1,
      1001,
      1001001
    ],
    "productName": "Alus Labietis Pelašķu velns 9,9% 0,44l",
    "productPriceOld": null,
    "productPrice": {
      "value": 3.79,
      "unit": "€/gab"
    },
    "productPricePerUnit": {
      "value": 8.61,
      "unit": "€/l"
    },
    "productPriceWithLoyaltyCard": null,
    "productPricePerUnitWithLoyaltyCard": null,
    "imageUrl": "https://rimibaltic-res.cloudinary.com/image/upload/d_ecommerce:backend-fallback.png/MAT_1373534_PCE_LV",
    "available": true,
    "discount": null
  },
  {
    "shop": "RIMI",
    "categories": [
      1,
      1001,
      1001003
    ],
    "productName": "S.v. Poggio Fiorito Primitivo Puglia 13% 3l",
    "productPriceOld": null,
    "productPrice": {
      "value": 25.85,
      "unit": "€/gab"
    },
    "productPricePerUnit": {
      "value": 8.62,
      "unit": "€/l"
    },
    "productPriceWithLoyaltyCard": null,
    "productPricePerUnitWithLoyaltyCard": null,
    "imageUrl": "https://rimibaltic-res.cloudinary.com/image/upload/d_ecommerce:backend-fallback.png/MAT_7284719_PCE_LV",
    "available": true,
    "discount": null
  },
  {
    "shop": "RIMI",
    "categories": [
      1,
      1001,
      1001003
    ],
    "productName": "Baltvīns Poggio Fiorito Pinot Grigio 12% 3l",
    "productPriceOld": null,
    "productPrice": {
      "value": 25.85,
      "unit": "€/gab"
    },
    "productPricePerUnit": {
      "value": 8.62,
      "unit": "€/l"
    },
    "productPriceWithLoyaltyCard": null,
    "productPricePerUnitWithLoyaltyCard": null,
    "imageUrl": "https://rimibaltic-res.cloudinary.com/image/upload/d_ecommerce:backend-fallback.png/MAT_7284742_PCE_LV",
    "available": true,
    "discount": null
  },
  {
    "shop": "RIMI",
    "categories": [
      1,
      1001,
      1001003
    ],
    "productName": "R.v. Poggio Fiorito Pinot Grigio Blush 12% 3l",
    "productPriceOld": null,
    "productPrice": {
      "value": 25.85,
      "unit": "€/gab"
    },
    "productPricePerUnit": {
      "value": 8.62,
      "unit": "€/l"
    },
    "productPriceWithLoyaltyCard": null,
    "productPricePerUnitWithLoyaltyCard": null,
    "imageUrl": "https://rimibaltic-res.cloudinary.com/image/upload/d_ecommerce:backend-fallback.png/MAT_7284741_PCE_LV",
    "available": true,
    "discount": null
  },
  {
    "shop": "MAXIMA",
    "categories": [
      2,
      2001,
      20010014
    ],
    "productName": "Smalkmaizīte Saulespuķu 80g",
    "productPriceOld": null,
    "productPrice": {
      "value": 0.69,
      "unit": "€"
    },
    "productPricePerUnit": {
      "value": 8.63,
      "unit": "€/kg"
    },
    "productPriceWithLoyaltyCard": null,
    "productPricePerUnitWithLoyaltyCard": null,
    "imageUrl": "https://cdn.barbora.lv/products/d6d754f0-4bc0-40b3-aee8-a86f9b986cc6_s.png",
    "available": true,
    "discount": null
  },
  {
    "shop": "MAXIMA",
    "categories": [
      2,
      20010
    ],
    "productName": "Pīrādziņš ar ceptu vistu-dārzeņiem 110g",
    "productPriceOld": null,
    "productPrice": {
      "value": 0.95,
      "unit": "€"
    },
    "productPricePerUnit": {
      "value": 8.64,
      "unit": "€/kg"
    },
    "productPriceWithLoyaltyCard": null,
    "productPricePerUnitWithLoyaltyCard": null,
    "imageUrl": "https://cdn.barbora.lv/products/1c6857ed-ce0c-46a9-8d45-764987f017e3_s.png",
    "available": true,
    "discount": null
  },
  {
    "shop": "CITRO",
    "categories": [
      2,
      2001,
      20010015
    ],
    "productName": "SAUSIŅI SIERA FLINT 110G",
    "productPriceOld": null,
    "productPrice": null,
    "productPricePerUnit": {
      "value": 8.64,
      "unit": "€/KG"
    },
    "productPriceWithLoyaltyCard": null,
    "productPricePerUnitWithLoyaltyCard": null,
    "imageUrl": "https://rezekne.citro.lv/wp-content/uploads/2022/10/4820182742934-300x300.jpg",
    "available": true,
    "discount": null
  },
  {
    "shop": "CITRO",
    "categories": [
      2,
      2001,
      20010015
    ],
    "productName": "SAUSIŅI BEKONA FLINT 110G",
    "productPriceOld": null,
    "productPrice": null,
    "productPricePerUnit": {
      "value": 8.64,
      "unit": "€/KG"
    },
    "productPriceWithLoyaltyCard": null,
    "productPricePerUnitWithLoyaltyCard": null,
    "imageUrl": "https://rezekne.citro.lv/wp-content/uploads/2022/10/4820182742828.jpg",
    "available": true,
    "discount": null
  },
  {
    "shop": "CITRO",
    "categories": [
      2,
      2001,
      20010015
    ],
    "productName": "SAUSIŅI KRĒJUMS ZAĻUMI FLINT 110G",
    "productPriceOld": null,
    "productPrice": null,
    "productPricePerUnit": {
      "value": 8.64,
      "unit": "€/KG"
    },
    "productPriceWithLoyaltyCard": null,
    "productPricePerUnitWithLoyaltyCard": null,
    "imageUrl": "https://rezekne.citro.lv/wp-content/uploads/2022/10/4820182742811.jpg",
    "available": true,
    "discount": null
  },
  {
    "shop": "RIMI",
    "categories": [
      2,
      2001,
      20010011
    ],
    "productName": "Bezglutēna sēklu maize Liepkalni vegān. 230g",
    "productPriceOld": null,
    "productPrice": {
      "value": 1.99,
      "unit": "€/gab"
    },
    "productPricePerUnit": {
      "value": 8.65,
      "unit": "€/kg"
    },
    "productPriceWithLoyaltyCard": null,
    "productPricePerUnitWithLoyaltyCard": null,
    "imageUrl": "https://rimibaltic-res.cloudinary.com/image/upload/d_ecommerce:backend-fallback.png/MAT_4006181_PCE_LV",
    "available": true,
    "discount": null
  },
  {
    "shop": "RIMI",
    "categories": [
      2,
      2001,
      20010015
    ],
    "productName": "Ķiploku salmiņi zacīte kārbā 230g",
    "productPriceOld": null,
    "productPrice": {
      "value": 1.99,
      "unit": "€/gab"
    },
    "productPricePerUnit": {
      "value": 8.65,
      "unit": "€/kg"
    },
    "productPriceWithLoyaltyCard": null,
    "productPricePerUnitWithLoyaltyCard": null,
    "imageUrl": "https://rimibaltic-res.cloudinary.com/image/upload/d_ecommerce:backend-fallback.png/MAT_215239_PCE_LV",
    "available": true,
    "discount": null
  },
  {
    "shop": "RIMI",
    "categories": [
      1,
      1002,
      10010020
    ],
    "productName": "Bērzu sula Birzī piparmētru, dzirkstoša 0,75l",
    "productPriceOld": null,
    "productPrice": {
      "value": 6.49,
      "unit": "€/gab"
    },
    "productPricePerUnit": {
      "value": 8.65,
      "unit": "€/l"
    },
    "productPriceWithLoyaltyCard": null,
    "productPricePerUnitWithLoyaltyCard": null,
    "imageUrl": "https://rimibaltic-res.cloudinary.com/image/upload/d_ecommerce:backend-fallback.png/MAT_161881_PCE_LV",
    "available": true,
    "discount": null
  },
  {
    "shop": "RIMI",
    "categories": [
      1,
      1001,
      1001003
    ],
    "productName": "B.v. Tokaj Furmint 10,5% 0,75l",
    "productPriceOld": null,
    "productPrice": {
      "value": 6.49,
      "unit": "€/gab"
    },
    "productPricePerUnit": {
      "value": 8.65,
      "unit": "€/l"
    },
    "productPriceWithLoyaltyCard": null,
    "productPricePerUnitWithLoyaltyCard": null,
    "imageUrl": "https://rimibaltic-res.cloudinary.com/image/upload/d_ecommerce:backend-fallback.png/MAT_521058_PCE_LV",
    "available": true,
    "discount": null
  },
  {
    "shop": "MAXIMA",
    "categories": [
      1,
      1003,
      1003003
    ],
    "productName": "Dzirkstošais vīns B&G b/a 750ml D",
    "productPriceOld": null,
    "productPrice": {
      "value": 6.49,
      "unit": "€"
    },
    "productPricePerUnit": {
      "value": 8.65,
      "unit": "€/l"
    },
    "productPriceWithLoyaltyCard": null,
    "productPricePerUnitWithLoyaltyCard": null,
    "imageUrl": "https://cdn.barbora.lv/products/510c014c-0474-49f6-898b-bb2322c52660_s.png",
    "available": true,
    "discount": null
  },
  {
    "shop": "MAXIMA",
    "categories": [
      1,
      1001,
      1001003
    ],
    "productName": "Vīns TALISMAN NADIKVARI 12% 0,75L",
    "productPriceOld": {
      "value": 8.98,
      "unit": "€"
    },
    "productPrice": {
      "value": 8.98,
      "unit": "€"
    },
    "productPricePerUnit": {
      "value": 11.97,
      "unit": "€/l"
    },
    "productPriceWithLoyaltyCard": {
      "value": 6.49,
      "unit": "€"
    },
    "productPricePerUnitWithLoyaltyCard": {
      "value": 8.65,
      "unit": "€/l"
    },
    "imageUrl": "https://cdn.barbora.lv/products/560f6997-6585-40d1-9b3e-c2a0a60a7189_s.png",
    "available": true,
    "discount": 28
  },
  {
    "shop": "CITRO",
    "categories": [
      1,
      1001,
      1001003
    ],
    "productName": "VĪNS B. MAISON MUSKAT MEDIUM SWEET 11.5% 0.75L",
    "productPriceOld": null,
    "productPrice": null,
    "productPricePerUnit": {
      "value": 8.65,
      "unit": "€/L"
    },
    "productPriceWithLoyaltyCard": null,
    "productPricePerUnitWithLoyaltyCard": null,
    "imageUrl": "https://rezekne.citro.lv/wp-content/uploads/2022/12/3211209117902-arFonu-300x300.jpg",
    "available": true,
    "discount": null
  },
  {
    "shop": "CITRO",
    "categories": [
      1,
      1001,
      1001003
    ],
    "productName": "VĪNS B. MAISON GRENACHE MEDIUM SWEET 12% 0.75L",
    "productPriceOld": null,
    "productPrice": null,
    "productPricePerUnit": {
      "value": 8.65,
      "unit": "€/L"
    },
    "productPriceWithLoyaltyCard": null,
    "productPricePerUnitWithLoyaltyCard": null,
    "imageUrl": "https://rezekne.citro.lv/wp-content/uploads/2022/12/3211209117841-arFonu-300x300.jpg",
    "available": true,
    "discount": null
  },
  {
    "shop": "CITRO",
    "categories": [
      1,
      1001,
      1001003
    ],
    "productName": "VĪNS B. VINA MAIPO MI PUEBLO CHARDONNAY 13% 0.75L",
    "productPriceOld": null,
    "productPrice": null,
    "productPricePerUnit": {
      "value": 8.65,
      "unit": "€/L"
    },
    "productPriceWithLoyaltyCard": null,
    "productPricePerUnitWithLoyaltyCard": null,
    "imageUrl": "https://rezekne.citro.lv/wp-content/uploads/2025/01/7804320208039-300x300.jpg",
    "available": true,
    "discount": null
  },
  {
    "shop": "CITRO",
    "categories": [
      1,
      1001,
      1001003
    ],
    "productName": "VĪNS S. VINA MAIPO MI PUEBLO CAB. SAUVIGNON 12.5% 0.75L",
    "productPriceOld": null,
    "productPrice": null,
    "productPricePerUnit": {
      "value": 8.65,
      "unit": "€/L"
    },
    "productPriceWithLoyaltyCard": null,
    "productPricePerUnitWithLoyaltyCard": null,
    "imageUrl": "https://rezekne.citro.lv/wp-content/uploads/2020/07/Citro-image-placeholder-3.png",
    "available": true,
    "discount": null
  },
  {
    "shop": "CITRO",
    "categories": [
      1,
      1001,
      1001003
    ],
    "productName": "VĪNS S. MOLDOVKAJA DOLINA PINOT NOIR 11% 0.75L",
    "productPriceOld": null,
    "productPrice": null,
    "productPricePerUnit": {
      "value": 8.65,
      "unit": "€/L"
    },
    "productPriceWithLoyaltyCard": null,
    "productPricePerUnitWithLoyaltyCard": null,
    "imageUrl": "https://rezekne.citro.lv/wp-content/uploads/2020/12/4840472007574-300x300.jpg",
    "available": true,
    "discount": null
  },
  {
    "shop": "CITRO",
    "categories": [
      1,
      1001,
      1001003
    ],
    "productName": "VĪNS S. MOLDAVSKAJA DOLINA CABERNET 11% 0.75L",
    "productPriceOld": null,
    "productPrice": null,
    "productPricePerUnit": {
      "value": 8.65,
      "unit": "€/L"
    },
    "productPriceWithLoyaltyCard": null,
    "productPricePerUnitWithLoyaltyCard": null,
    "imageUrl": "https://rezekne.citro.lv/wp-content/uploads/2020/12/4840472007550-300x300.jpg",
    "available": true,
    "discount": null
  },
  {
    "shop": "MAXIMA",
    "categories": [
      1,
      1001,
      1001003
    ],
    "productName": "Vīns SACHINO baltais 11% 0,75l",
    "productPriceOld": {
      "value": 9.35,
      "unit": "€"
    },
    "productPrice": {
      "value": 9.35,
      "unit": "€"
    },
    "productPricePerUnit": {
      "value": 12.47,
      "unit": "€/l"
    },
    "productPriceWithLoyaltyCard": {
      "value": 6.49,
      "unit": "€"
    },
    "productPricePerUnitWithLoyaltyCard": {
      "value": 8.66,
      "unit": "€/l"
    },
    "imageUrl": "https://cdn.barbora.lv/products/52a60a64-1507-469c-95a0-7bf70898d039_s.png",
    "available": true,
    "discount": 31
  },
  {
    "shop": "MAXIMA",
    "categories": [
      1,
      1001,
      1001003
    ],
    "productName": "Vīns SACHINO sarkanais 11% 0,75l",
    "productPriceOld": {
      "value": 9.35,
      "unit": "€"
    },
    "productPrice": {
      "value": 9.35,
      "unit": "€"
    },
    "productPricePerUnit": {
      "value": 12.47,
      "unit": "€/l"
    },
    "productPriceWithLoyaltyCard": {
      "value": 6.49,
      "unit": "€"
    },
    "productPricePerUnitWithLoyaltyCard": {
      "value": 8.66,
      "unit": "€/l"
    },
    "imageUrl": "https://cdn.barbora.lv/products/e614d10f-bd49-4536-a196-df0a279dcc4d_s.png",
    "available": true,
    "discount": 31
  },
  {
    "shop": "MAXIMA",
    "categories": [
      2,
      2002
    ],
    "productName": "Torte Napoleona vainags 1.5kg",
    "productPriceOld": null,
    "productPrice": {
      "value": 12.99,
      "unit": "€"
    },
    "productPricePerUnit": {
      "value": 8.66,
      "unit": "€/kg"
    },
    "productPriceWithLoyaltyCard": null,
    "productPricePerUnitWithLoyaltyCard": null,
    "imageUrl": "https://cdn.barbora.lv/products/b29fc002-6816-4ab6-81d1-1e71e6eb1321_s.png",
    "available": true,
    "discount": null
  },
  {
    "shop": "MAXIMA",
    "categories": [
      2,
      2001,
      20010015
    ],
    "productName": "Uzkoda Itāļu ar šķiņķi 114g",
    "productPriceOld": null,
    "productPrice": {
      "value": 0.99,
      "unit": "€"
    },
    "productPricePerUnit": {
      "value": 8.68,
      "unit": "€/kg"
    },
    "productPriceWithLoyaltyCard": null,
    "productPricePerUnitWithLoyaltyCard": null,
    "imageUrl": "https://cdn.barbora.lv/products/3f3724a8-1d84-4a47-879e-f4d0d438be08_s.png",
    "available": true,
    "discount": null
  },
  {
    "shop": "RIMI",
    "categories": [
      2,
      2001,
      2001004
    ],
    "productName": "Rīvmaize Lāči rudzu 400g",
    "productPriceOld": null,
    "productPrice": {
      "value": 3.49,
      "unit": "€/gab"
    },
    "productPricePerUnit": {
      "value": 8.72,
      "unit": "€/kg"
    },
    "productPriceWithLoyaltyCard": null,
    "productPricePerUnitWithLoyaltyCard": null,
    "imageUrl": "https://rimibaltic-res.cloudinary.com/image/upload/d_ecommerce:backend-fallback.png/MAT_217876_PCE_LV",
    "available": true,
    "discount": null
  },
  {
    "shop": "RIMI",
    "categories": [
      1,
      1001,
      1001001
    ],
    "productName": "Alus Malduguns Vilkme 5,4% 440ml",
    "productPriceOld": null,
    "productPrice": {
      "value": 3.49,
      "unit": "€/gab"
    },
    "productPricePerUnit": {
      "value": 8.72,
      "unit": "€/l"
    },
    "productPriceWithLoyaltyCard": null,
    "productPricePerUnitWithLoyaltyCard": null,
    "imageUrl": "https://rimibaltic-res.cloudinary.com/image/upload/d_ecommerce:backend-fallback.png/MAT_1375128_PCE_LV",
    "available": true,
    "discount": null
  },
  {
    "shop": "RIMI",
    "categories": [
      2,
      2001,
      20010015
    ],
    "productName": "Mīkstās barankas Bērnu 200g",
    "productPriceOld": null,
    "productPrice": {
      "value": 1.75,
      "unit": "€/gab"
    },
    "productPricePerUnit": {
      "value": 8.75,
      "unit": "€/kg"
    },
    "productPriceWithLoyaltyCard": null,
    "productPricePerUnitWithLoyaltyCard": null,
    "imageUrl": "https://rimibaltic-res.cloudinary.com/image/upload/d_ecommerce:backend-fallback.png/MAT_967433_PCE_LV",
    "available": true,
    "discount": null
  },
  {
    "shop": "RIMI",
    "categories": [
      2,
      2001,
      20010015
    ],
    "productName": "Sausbaranciņas Mario siera gredzentiņi 200g",
    "productPriceOld": null,
    "productPrice": {
      "value": 1.75,
      "unit": "€/gab"
    },
    "productPricePerUnit": {
      "value": 8.75,
      "unit": "€/kg"
    },
    "productPriceWithLoyaltyCard": null,
    "productPricePerUnitWithLoyaltyCard": null,
    "imageUrl": "https://rimibaltic-res.cloudinary.com/image/upload/d_ecommerce:backend-fallback.png/MAT_280647_PCE_LV",
    "available": true,
    "discount": null
  },
  {
    "shop": "MAXIMA",
    "categories": [
      1,
      1002,
      10010021
    ],
    "productName": "Gāzēts dzēriens FEVER TREE INDIAN TONIC 0,2L D",
    "productPriceOld": null,
    "productPrice": {
      "value": 1.75,
      "unit": "€"
    },
    "productPricePerUnit": {
      "value": 8.75,
      "unit": "€/l"
    },
    "productPriceWithLoyaltyCard": null,
    "productPricePerUnitWithLoyaltyCard": null,
    "imageUrl": "https://cdn.barbora.lv/products/afbe492d-147d-44d8-a404-39e1767656fe_s.png",
    "available": true,
    "discount": null
  },
  {
    "shop": "MAXIMA",
    "categories": [
      1,
      1002,
      10010021
    ],
    "productName": "Gāzēts dzēriens FEVER TREE Rabarberu aveņu 0,2L D",
    "productPriceOld": null,
    "productPrice": {
      "value": 1.75,
      "unit": "€"
    },
    "productPricePerUnit": {
      "value": 8.75,
      "unit": "€/l"
    },
    "productPriceWithLoyaltyCard": null,
    "productPricePerUnitWithLoyaltyCard": null,
    "imageUrl": "https://cdn.barbora.lv/products/35a5ad4d-421f-4b4b-a306-75e45c103c7b_s.png",
    "available": true,
    "discount": null
  },
  {
    "shop": "MAXIMA",
    "categories": [
      1,
      1002,
      10010021
    ],
    "productName": "Gāzēts dzēriens FEVER TREE Mediterranean 0,2L D",
    "productPriceOld": null,
    "productPrice": {
      "value": 1.75,
      "unit": "€"
    },
    "productPricePerUnit": {
      "value": 8.75,
      "unit": "€/l"
    },
    "productPriceWithLoyaltyCard": null,
    "productPricePerUnitWithLoyaltyCard": null,
    "imageUrl": "https://cdn.barbora.lv/products/3ddd664f-d837-404e-bc13-6796795c4d36_s.png",
    "available": true,
    "discount": null
  },
  {
    "shop": "MAXIMA",
    "categories": [
      2,
      2001,
      20010015
    ],
    "productName": "Mīkstas barankas bērnu Mario 200g",
    "productPriceOld": null,
    "productPrice": {
      "value": 1.75,
      "unit": "€"
    },
    "productPricePerUnit": {
      "value": 8.75,
      "unit": "€/kg"
    },
    "productPriceWithLoyaltyCard": null,
    "productPricePerUnitWithLoyaltyCard": null,
    "imageUrl": "https://cdn.barbora.lv/products/5cc3bfbb-d531-442a-9210-65aae963cdd1_s.png",
    "available": true,
    "discount": null
  },
  {
    "shop": "MAXIMA",
    "categories": [
      2,
      2001,
      20010015
    ],
    "productName": "Sausbaranciņas SIERA GREDZENTIŅI 200g",
    "productPriceOld": null,
    "productPrice": {
      "value": 1.75,
      "unit": "€"
    },
    "productPricePerUnit": {
      "value": 8.75,
      "unit": "€/kg"
    },
    "productPriceWithLoyaltyCard": null,
    "productPricePerUnitWithLoyaltyCard": null,
    "imageUrl": "https://cdn.barbora.lv/products/fafdc3b5-85c6-49ed-86f1-700e6061b273_s.png",
    "available": true,
    "discount": null
  },
  {
    "shop": "CITRO",
    "categories": [
      2,
      2001,
      20010011
    ],
    "productName": "GALETES BRŪNO RĪSU AR 7 SUPER SĒKLĀM 120G",
    "productPriceOld": {
      "value": 1.45,
      "unit": "€"
    },
    "productPrice": {
      "value": 1.05,
      "unit": "€"
    },
    "productPricePerUnit": {
      "value": 8.75,
      "unit": "€/KG"
    },
    "productPriceWithLoyaltyCard": null,
    "productPricePerUnitWithLoyaltyCard": null,
    "imageUrl": "https://rezekne.citro.lv/wp-content/uploads/2024/04/3800233070071-300x300.jpg",
    "available": true,
    "discount": 28
  },
  {
    "shop": "RIMI",
    "categories": [
      1,
      1002,
      10010027
    ],
    "productName": "SUN365 Freshly squezed pomegranate juice",
    "productPriceOld": {
      "value": 3.39,
      "unit": "€"
    },
    "productPrice": {
      "value": 2.19,
      "unit": "€/gab"
    },
    "productPricePerUnit": {
      "value": 8.76,
      "unit": "€/l"
    },
    "productPriceWithLoyaltyCard": null,
    "productPricePerUnitWithLoyaltyCard": null,
    "imageUrl": "https://rimibaltic-res.cloudinary.com/image/upload/d_ecommerce:backend-fallback.png/MAT_1367629_PCE_LV",
    "available": true,
    "discount": 35
  },
  {
    "shop": "RIMI",
    "categories": [
      1,
      1002,
      10010020
    ],
    "productName": "Smūtijs avokado zaļie dārzeņi 250ml",
    "productPriceOld": {
      "value": 3.15,
      "unit": "€"
    },
    "productPrice": {
      "value": 2.19,
      "unit": "€/gab"
    },
    "productPricePerUnit": {
      "value": 8.76,
      "unit": "€/l"
    },
    "productPriceWithLoyaltyCard": null,
    "productPricePerUnitWithLoyaltyCard": null,
    "imageUrl": "https://rimibaltic-res.cloudinary.com/image/upload/d_ecommerce:backend-fallback.png/MAT_1361918_PCE_LV",
    "available": true,
    "discount": 30
  },
  {
    "shop": "RIMI",
    "categories": [
      1,
      1001,
      1001005
    ],
    "productName": "Alko. kokteilis Black Balsam Cherry 12% 0,25l",
    "productPriceOld": null,
    "productPrice": {
      "value": 2.89,
      "unit": "€/gab"
    },
    "productPricePerUnit": {
      "value": 11.56,
      "unit": "€/l"
    },
    "productPriceWithLoyaltyCard": {
      "value": 2.19,
      "unit": "€"
    },
    "productPricePerUnitWithLoyaltyCard": {
      "value": 8.76,
      "unit": "€/l"
    },
    "imageUrl": "https://rimibaltic-res.cloudinary.com/image/upload/d_ecommerce:backend-fallback.png/MAT_7233389_PCE_LV",
    "available": true,
    "discount": 24
  },
  {
    "shop": "RIMI",
    "categories": [
      1,
      1001,
      10010014
    ],
    "productName": "Alkohol. kokteil. Black Balsam Cola 12% 0,25l",
    "productPriceOld": null,
    "productPrice": {
      "value": 2.89,
      "unit": "€/gab"
    },
    "productPricePerUnit": {
      "value": 11.56,
      "unit": "€/l"
    },
    "productPriceWithLoyaltyCard": {
      "value": 2.19,
      "unit": "€"
    },
    "productPricePerUnitWithLoyaltyCard": {
      "value": 8.76,
      "unit": "€/l"
    },
    "imageUrl": "https://rimibaltic-res.cloudinary.com/image/upload/d_ecommerce:backend-fallback.png/MAT_7233379_PCE_LV",
    "available": true,
    "discount": 24
  },
  {
    "shop": "MAXIMA",
    "categories": [
      1,
      1001,
      1001005
    ],
    "productName": "Alkoholiskais kokteilis BLACK BALSAM Currant 12%0,25L D",
    "productPriceOld": {
      "value": 2.79,
      "unit": "€"
    },
    "productPrice": {
      "value": 2.79,
      "unit": "€"
    },
    "productPricePerUnit": {
      "value": 11.16,
      "unit": "€/l"
    },
    "productPriceWithLoyaltyCard": {
      "value": 2.19,
      "unit": "€"
    },
    "productPricePerUnitWithLoyaltyCard": {
      "value": 8.76,
      "unit": "€/l"
    },
    "imageUrl": "https://cdn.barbora.lv/products/580265b7-68b0-4b53-a814-4cca870ee06e_s.png",
    "available": true,
    "discount": 22
  },
  {
    "shop": "MAXIMA",
    "categories": [
      1,
      1001,
      1001005
    ],
    "productName": "Alkoholiskais kokteilis BLACK BALSAM Cherry 12%0,25L D",
    "productPriceOld": {
      "value": 2.79,
      "unit": "€"
    },
    "productPrice": {
      "value": 2.79,
      "unit": "€"
    },
    "productPricePerUnit": {
      "value": 11.16,
      "unit": "€/l"
    },
    "productPriceWithLoyaltyCard": {
      "value": 2.19,
      "unit": "€"
    },
    "productPricePerUnitWithLoyaltyCard": {
      "value": 8.76,
      "unit": "€/l"
    },
    "imageUrl": "https://cdn.barbora.lv/products/93e2917e-ff06-440c-8ffd-f877a57086fd_s.png",
    "available": true,
    "discount": 22
  },
  {
    "shop": "MAXIMA",
    "categories": [
      1,
      1001,
      1001005
    ],
    "productName": "Alkoholiskais kokteilis BLACK BALSAM Cola 12% 0,25L D",
    "productPriceOld": {
      "value": 2.95,
      "unit": "€"
    },
    "productPrice": {
      "value": 2.95,
      "unit": "€"
    },
    "productPricePerUnit": {
      "value": 11.8,
      "unit": "€/l"
    },
    "productPriceWithLoyaltyCard": {
      "value": 2.19,
      "unit": "€"
    },
    "productPricePerUnitWithLoyaltyCard": {
      "value": 8.76,
      "unit": "€/l"
    },
    "imageUrl": "https://cdn.barbora.lv/products/bc48f02d-eab4-4852-931b-21b04e5b3be3_s.png",
    "available": true,
    "discount": 26
  },
  {
    "shop": "MAXIMA",
    "categories": [
      2,
      2001,
      20010015
    ],
    "productName": "Sausiņi kārtainie Flora 250g",
    "productPriceOld": null,
    "productPrice": {
      "value": 2.19,
      "unit": "€"
    },
    "productPricePerUnit": {
      "value": 8.76,
      "unit": "€/kg"
    },
    "productPriceWithLoyaltyCard": null,
    "productPricePerUnitWithLoyaltyCard": null,
    "imageUrl": "https://cdn.barbora.lv/products/94c7ae0b-eb64-4eed-8a88-95444d07202e_s.png",
    "available": true,
    "discount": null
  },
  {
    "shop": "MAXIMA",
    "categories": [
      2,
      2007
    ],
    "productName": "Kēksiņš ar rozīnēm 90g",
    "productPriceOld": null,
    "productPrice": {
      "value": 0.79,
      "unit": "€"
    },
    "productPricePerUnit": {
      "value": 8.78,
      "unit": "€/kg"
    },
    "productPriceWithLoyaltyCard": null,
    "productPricePerUnitWithLoyaltyCard": null,
    "imageUrl": "https://cdn.barbora.lv/products/33db07b4-e42a-492b-8747-6d2e6251a15d_s.png",
    "available": true,
    "discount": null
  },
  {
    "shop": "RIMI",
    "categories": [
      1,
      1001,
      1001003
    ],
    "productName": "B.v. Cono Sur Sauv. Blanc 13% 0,75l",
    "productPriceOld": null,
    "productPrice": {
      "value": 9.19,
      "unit": "€/gab"
    },
    "productPricePerUnit": {
      "value": 12.25,
      "unit": "€/l"
    },
    "productPriceWithLoyaltyCard": {
      "value": 6.59,
      "unit": "€"
    },
    "productPricePerUnitWithLoyaltyCard": {
      "value": 8.79,
      "unit": "€/l"
    },
    "imageUrl": "https://rimibaltic-res.cloudinary.com/image/upload/d_ecommerce:backend-fallback.png/MAT_107695_PCE_LV",
    "available": true,
    "discount": 28
  },
  {
    "shop": "RIMI",
    "categories": [
      1,
      1001,
      1001003
    ],
    "productName": "Baltvīns Blue Nun Riesling 10% 0,75l",
    "productPriceOld": null,
    "productPrice": {
      "value": 11.89,
      "unit": "€/gab"
    },
    "productPricePerUnit": {
      "value": 15.85,
      "unit": "€/l"
    },
    "productPriceWithLoyaltyCard": {
      "value": 6.59,
      "unit": "€"
    },
    "productPricePerUnitWithLoyaltyCard": {
      "value": 8.79,
      "unit": "€/l"
    },
    "imageUrl": "https://rimibaltic-res.cloudinary.com/image/upload/d_ecommerce:backend-fallback.png/MAT_7184673_PCE_LV",
    "available": true,
    "discount": 45
  },
  {
    "shop": "RIMI",
    "categories": [
      1,
      1001,
      1001003
    ],
    "productName": "B.v. Blue Nun Original 10% 0,75l",
    "productPriceOld": null,
    "productPrice": {
      "value": 9.29,
      "unit": "€/gab"
    },
    "productPricePerUnit": {
      "value": 12.39,
      "unit": "€/l"
    },
    "productPriceWithLoyaltyCard": {
      "value": 6.59,
      "unit": "€"
    },
    "productPricePerUnitWithLoyaltyCard": {
      "value": 8.79,
      "unit": "€/l"
    },
    "imageUrl": "https://rimibaltic-res.cloudinary.com/image/upload/d_ecommerce:backend-fallback.png/MAT_7218866_PCE_LV",
    "available": true,
    "discount": 29
  },
  {
    "shop": "RIMI",
    "categories": [
      1,
      1001,
      1001003
    ],
    "productName": "Baltvīns Blue Nun Gewurztraminer 10% 0,75l",
    "productPriceOld": null,
    "productPrice": {
      "value": 11.75,
      "unit": "€/gab"
    },
    "productPricePerUnit": {
      "value": 15.67,
      "unit": "€/l"
    },
    "productPriceWithLoyaltyCard": {
      "value": 6.59,
      "unit": "€"
    },
    "productPricePerUnitWithLoyaltyCard": {
      "value": 8.79,
      "unit": "€/l"
    },
    "imageUrl": "https://rimibaltic-res.cloudinary.com/image/upload/d_ecommerce:backend-fallback.png/MAT_7035816_PCE_LV",
    "available": true,
    "discount": 44
  },
  {
    "shop": "RIMI",
    "categories": [
      1,
      1001,
      1001004
    ],
    "productName": "Dz.v.Maschio Prosecco Spumante 11% 0,75l",
    "productPriceOld": null,
    "productPrice": {
      "value": 11.15,
      "unit": "€/gab"
    },
    "productPricePerUnit": {
      "value": 14.87,
      "unit": "€/l"
    },
    "productPriceWithLoyaltyCard": {
      "value": 6.59,
      "unit": "€"
    },
    "productPricePerUnitWithLoyaltyCard": {
      "value": 8.79,
      "unit": "€/l"
    },
    "imageUrl": "https://rimibaltic-res.cloudinary.com/image/upload/d_ecommerce:backend-fallback.png/MAT_7083457_PCE_LV",
    "available": true,
    "discount": 41
  },
  {
    "shop": "RIMI",
    "categories": [
      1,
      1001,
      1001003
    ],
    "productName": "S.v. Cono Sur Cab. Sauv. 13% 0.75l",
    "productPriceOld": null,
    "productPrice": {
      "value": 9.19,
      "unit": "€/gab"
    },
    "productPricePerUnit": {
      "value": 12.25,
      "unit": "€/l"
    },
    "productPriceWithLoyaltyCard": {
      "value": 6.59,
      "unit": "€"
    },
    "productPricePerUnitWithLoyaltyCard": {
      "value": 8.79,
      "unit": "€/l"
    },
    "imageUrl": "https://rimibaltic-res.cloudinary.com/image/upload/d_ecommerce:backend-fallback.png/MAT_460864_PCE_LV",
    "available": true,
    "discount": 28
  },
  {
    "shop": "RIMI",
    "categories": [
      1,
      1001,
      1001003
    ],
    "productName": "Cidoniju-ābolu vīns Abavas 12% 0,75l",
    "productPriceOld": null,
    "productPrice": {
      "value": 10.59,
      "unit": "€/gab"
    },
    "productPricePerUnit": {
      "value": 14.12,
      "unit": "€/l"
    },
    "productPriceWithLoyaltyCard": {
      "value": 6.59,
      "unit": "€"
    },
    "productPricePerUnitWithLoyaltyCard": {
      "value": 8.79,
      "unit": "€/l"
    },
    "imageUrl": "https://rimibaltic-res.cloudinary.com/image/upload/d_ecommerce:backend-fallback.png/MAT_7295470_PCE_LV",
    "available": true,
    "discount": 38
  },
  {
    "shop": "MAXIMA",
    "categories": [
      1,
      1001,
      1001003
    ],
    "productName": "Vīns CASA CHAR.Flor.Pin.Grig.Bl.12%0,75L",
    "productPriceOld": {
      "value": 8.57,
      "unit": "€"
    },
    "productPrice": {
      "value": 8.57,
      "unit": "€"
    },
    "productPricePerUnit": {
      "value": 11.43,
      "unit": "€/l"
    },
    "productPriceWithLoyaltyCard": {
      "value": 6.59,
      "unit": "€"
    },
    "productPricePerUnitWithLoyaltyCard": {
      "value": 8.79,
      "unit": "€/l"
    },
    "imageUrl": "https://cdn.barbora.lv/products/c8036815-e365-4e00-820b-a24f0d3fca29_s.png",
    "available": true,
    "discount": 23
  },
  {
    "shop": "MAXIMA",
    "categories": [
      1,
      1001,
      1001003
    ],
    "productName": "Vīns BLUE NUN Riesling p/salds 9% 0,75L",
    "productPriceOld": {
      "value": 10.11,
      "unit": "€"
    },
    "productPrice": {
      "value": 10.11,
      "unit": "€"
    },
    "productPricePerUnit": {
      "value": 13.48,
      "unit": "€/l"
    },
    "productPriceWithLoyaltyCard": {
      "value": 6.59,
      "unit": "€"
    },
    "productPricePerUnitWithLoyaltyCard": {
      "value": 8.79,
      "unit": "€/l"
    },
    "imageUrl": "https://cdn.barbora.lv/products/eb30a0a0-abf0-4fe3-af95-bdafcb7fcdbc_s.png",
    "available": true,
    "discount": 35
  },
  {
    "shop": "MAXIMA",
    "categories": [
      2,
      2001,
      20010015
    ],
    "productName": "Sausiņi ar vanilīnu Flora 180g",
    "productPriceOld": null,
    "productPrice": {
      "value": 1.59,
      "unit": "€"
    },
    "productPricePerUnit": {
      "value": 8.83,
      "unit": "€/kg"
    },
    "productPriceWithLoyaltyCard": null,
    "productPricePerUnitWithLoyaltyCard": null,
    "imageUrl": "https://cdn.barbora.lv/products/5b553a67-e9a3-4aad-8913-18b7c3eef8bc_s.png",
    "available": true,
    "discount": null
  },
  {
    "shop": "MAXIMA",
    "categories": [
      2,
      2001,
      2001009
    ],
    "productName": "Burgeru maizītes sezamu DANCE CAKE 190g",
    "productPriceOld": {
      "value": 1.99,
      "unit": "€"
    },
    "productPrice": {
      "value": 1.99,
      "unit": "€"
    },
    "productPricePerUnit": {
      "value": 10.47,
      "unit": "€/kg"
    },
    "productPriceWithLoyaltyCard": {
      "value": 1.69,
      "unit": "€"
    },
    "productPricePerUnitWithLoyaltyCard": {
      "value": 8.89,
      "unit": "€/kg"
    },
    "imageUrl": "https://cdn.barbora.lv/products/6e18a75b-a5a5-4831-85b5-49ca8d4675c7_s.png",
    "available": true,
    "discount": 15
  },
  {
    "shop": "RIMI",
    "categories": [
      2,
      2001,
      20010015
    ],
    "productName": "Picas pamatne Quelli della Pizza 2x280g",
    "productPriceOld": null,
    "productPrice": {
      "value": 4.99,
      "unit": "€/gab"
    },
    "productPricePerUnit": {
      "value": 8.91,
      "unit": "€/kg"
    },
    "productPriceWithLoyaltyCard": null,
    "productPricePerUnitWithLoyaltyCard": null,
    "imageUrl": "https://rimibaltic-res.cloudinary.com/image/upload/d_ecommerce:backend-fallback.png/MAT_4004637_PCE_LV",
    "available": true,
    "discount": null
  },
  {
    "shop": "MAXIMA",
    "categories": [
      2,
      2008
    ],
    "productName": "Virtulis rozā 55g atkausēts",
    "productPriceOld": {
      "value": 0.65,
      "unit": "€"
    },
    "productPrice": {
      "value": 0.49,
      "unit": "€"
    },
    "productPricePerUnit": {
      "value": 8.91,
      "unit": "€/kg"
    },
    "productPriceWithLoyaltyCard": null,
    "productPricePerUnitWithLoyaltyCard": null,
    "imageUrl": "https://cdn.barbora.lv/products/bab636cd-d283-4761-8b80-b5f1ee8e06cc_s.png",
    "available": true,
    "discount": 25
  },
  {
    "shop": "MAXIMA",
    "categories": [
      1,
      1001,
      1001003
    ],
    "productName": "Vīns ANDES Chardonnay 13,5% 0,75L",
    "productPriceOld": null,
    "productPrice": {
      "value": 6.69,
      "unit": "€"
    },
    "productPricePerUnit": {
      "value": 8.92,
      "unit": "€/l"
    },
    "productPriceWithLoyaltyCard": null,
    "productPricePerUnitWithLoyaltyCard": null,
    "imageUrl": "https://cdn.barbora.lv/products/40ef0305-b466-415d-a84e-9e0c2bd0c346_s.png",
    "available": true,
    "discount": null
  },
  {
    "shop": "MAXIMA",
    "categories": [
      1,
      1001,
      1001003
    ],
    "productName": "Vīns ANDES Sauvignon Blanc 13,5% 0,75L",
    "productPriceOld": null,
    "productPrice": {
      "value": 6.69,
      "unit": "€"
    },
    "productPricePerUnit": {
      "value": 8.92,
      "unit": "€/l"
    },
    "productPriceWithLoyaltyCard": null,
    "productPricePerUnitWithLoyaltyCard": null,
    "imageUrl": "https://cdn.barbora.lv/products/1e141e0f-8a56-48b4-9699-a17c9fa096e7_s.png",
    "available": true,
    "discount": null
  },
  {
    "shop": "MAXIMA",
    "categories": [
      1,
      1001,
      1001003
    ],
    "productName": "Vīns GATO NEGRO Merlot 13% 0,75L",
    "productPriceOld": null,
    "productPrice": {
      "value": 6.69,
      "unit": "€"
    },
    "productPricePerUnit": {
      "value": 8.92,
      "unit": "€/l"
    },
    "productPriceWithLoyaltyCard": null,
    "productPricePerUnitWithLoyaltyCard": null,
    "imageUrl": "https://cdn.barbora.lv/products/d8460836-6442-4edb-a35a-4bbd3261509e_s.png",
    "available": true,
    "discount": null
  },
  {
    "shop": "MAXIMA",
    "categories": [
      1,
      1001,
      1001003
    ],
    "productName": "Vīns GATO NEGRO Sauvig.Blanc 12,5% 0,75L",
    "productPriceOld": null,
    "productPrice": {
      "value": 6.7,
      "unit": "€"
    },
    "productPricePerUnit": {
      "value": 8.93,
      "unit": "€/l"
    },
    "productPriceWithLoyaltyCard": null,
    "productPricePerUnitWithLoyaltyCard": null,
    "imageUrl": "https://cdn.barbora.lv/products/e4c12ddb-cf9f-44c8-9156-8b095c67f2a8_s.png",
    "available": true,
    "discount": null
  },
  {
    "shop": "MAXIMA",
    "categories": [
      1,
      1001,
      1001003
    ],
    "productName": "Vīns GATO NEGRO Moscato salds 12% 0,75L",
    "productPriceOld": null,
    "productPrice": {
      "value": 6.7,
      "unit": "€"
    },
    "productPricePerUnit": {
      "value": 8.93,
      "unit": "€/l"
    },
    "productPriceWithLoyaltyCard": null,
    "productPricePerUnitWithLoyaltyCard": null,
    "imageUrl": "https://cdn.barbora.lv/products/8e9592e8-cc51-4470-9293-fa724fe4c08b_s.png",
    "available": true,
    "discount": null
  },
  {
    "shop": "RIMI",
    "categories": [
      2,
      2001,
      2001004
    ],
    "productName": "Rudzu sausmaizītes Finn Crisp 200g",
    "productPriceOld": null,
    "productPrice": {
      "value": 1.79,
      "unit": "€/gab"
    },
    "productPricePerUnit": {
      "value": 8.95,
      "unit": "€/kg"
    },
    "productPriceWithLoyaltyCard": null,
    "productPricePerUnitWithLoyaltyCard": null,
    "imageUrl": "https://rimibaltic-res.cloudinary.com/image/upload/d_ecommerce:backend-fallback.png/MAT_102773_PCE_LV",
    "available": true,
    "discount": null
  },
  {
    "shop": "RIMI",
    "categories": [
      1,
      1002,
      10010021
    ],
    "productName": "Toniks Fever Tree Indian Water 0,2l",
    "productPriceOld": null,
    "productPrice": {
      "value": 1.79,
      "unit": "€/gab"
    },
    "productPricePerUnit": {
      "value": 8.95,
      "unit": "€/l"
    },
    "productPriceWithLoyaltyCard": null,
    "productPricePerUnitWithLoyaltyCard": null,
    "imageUrl": "https://rimibaltic-res.cloudinary.com/image/upload/d_ecommerce:backend-fallback.png/MAT_1361331_PCE_LV",
    "available": true,
    "discount": null
  },
  {
    "shop": "RIMI",
    "categories": [
      1,
      1002,
      10010021
    ],
    "productName": "Toniks Fever Tree Elderflower Water 0,2l",
    "productPriceOld": null,
    "productPrice": {
      "value": 1.79,
      "unit": "€/gab"
    },
    "productPricePerUnit": {
      "value": 8.95,
      "unit": "€/l"
    },
    "productPriceWithLoyaltyCard": null,
    "productPricePerUnitWithLoyaltyCard": null,
    "imageUrl": "https://rimibaltic-res.cloudinary.com/image/upload/d_ecommerce:backend-fallback.png/MAT_1363259_PCE_LV",
    "available": true,
    "discount": null
  },
  {
    "shop": "RIMI",
    "categories": [
      1,
      1002,
      10010025
    ],
    "productName": "Very Berry rabarberu sīrups 0.5l",
    "productPriceOld": null,
    "productPrice": {
      "value": 4.49,
      "unit": "€/gab"
    },
    "productPricePerUnit": {
      "value": 8.98,
      "unit": "€/l"
    },
    "productPriceWithLoyaltyCard": null,
    "productPricePerUnitWithLoyaltyCard": null,
    "imageUrl": "https://rimibaltic-res.cloudinary.com/image/upload/d_ecommerce:backend-fallback.png/MAT_173458_PCE_LV",
    "available": true,
    "discount": null
  },
  {
    "shop": "RIMI",
    "categories": [
      1,
      1002,
      10010025
    ],
    "productName": "Sīrups Very Berry dzērveņu 0,5l",
    "productPriceOld": null,
    "productPrice": {
      "value": 4.49,
      "unit": "€/gab"
    },
    "productPricePerUnit": {
      "value": 8.98,
      "unit": "€/l"
    },
    "productPriceWithLoyaltyCard": null,
    "productPricePerUnitWithLoyaltyCard": null,
    "imageUrl": "https://rimibaltic-res.cloudinary.com/image/upload/d_ecommerce:backend-fallback.png/MAT_158058_PCE_LV",
    "available": true,
    "discount": null
  },
  {
    "shop": "RIMI",
    "categories": [
      1,
      1002,
      10010025
    ],
    "productName": "Sīrups Very Berry smiltsērkšķu 0.5l",
    "productPriceOld": null,
    "productPrice": {
      "value": 4.49,
      "unit": "€/gab"
    },
    "productPricePerUnit": {
      "value": 8.98,
      "unit": "€/l"
    },
    "productPriceWithLoyaltyCard": null,
    "productPricePerUnitWithLoyaltyCard": null,
    "imageUrl": "https://rimibaltic-res.cloudinary.com/image/upload/d_ecommerce:backend-fallback.png/MAT_165954_PCE_LV",
    "available": true,
    "discount": null
  },
  {
    "shop": "RIMI",
    "categories": [
      1,
      1002,
      10010025
    ],
    "productName": "Sīrups Aroniju Very berry 0,5l",
    "productPriceOld": null,
    "productPrice": {
      "value": 4.49,
      "unit": "€/gab"
    },
    "productPricePerUnit": {
      "value": 8.98,
      "unit": "€/l"
    },
    "productPriceWithLoyaltyCard": null,
    "productPricePerUnitWithLoyaltyCard": null,
    "imageUrl": "https://rimibaltic-res.cloudinary.com/image/upload/d_ecommerce:backend-fallback.png/MAT_184121_PCE_LV",
    "available": true,
    "discount": null
  },
  {
    "shop": "MAXIMA",
    "categories": [
      2,
      2001,
      20010014
    ],
    "productName": "Kumosa maizītes ar sieru sver.",
    "productPriceOld": null,
    "productPrice": {
      "value": 8.99,
      "unit": "€"
    },
    "productPricePerUnit": {
      "value": 8.99,
      "unit": "€/kg"
    },
    "productPriceWithLoyaltyCard": null,
    "productPricePerUnitWithLoyaltyCard": null,
    "imageUrl": "https://cdn.barbora.lv/products/6010fb63-09e7-4033-a98a-50b8457a3e1e_s.png",
    "available": true,
    "discount": null
  },
  {
    "shop": "MAXIMA",
    "categories": [
      2,
      2005
    ],
    "productName": "Kūka Medus KŪKO 1kg",
    "productPriceOld": {
      "value": 11.49,
      "unit": "€"
    },
    "productPrice": {
      "value": 8.99,
      "unit": "€"
    },
    "productPricePerUnit": {
      "value": 8.99,
      "unit": "€/kg"
    },
    "productPriceWithLoyaltyCard": null,
    "productPricePerUnitWithLoyaltyCard": null,
    "imageUrl": "https://cdn.barbora.lv/products/72bc4b1c-f638-4260-9dcf-e6c124e24afa_s.png",
    "available": true,
    "discount": 22
  },
  {
    "shop": "MAXIMA",
    "categories": [
      2,
      2002
    ],
    "productName": "Torte Mājas MEISTARA MARKA kg",
    "productPriceOld": {
      "value": 9.99,
      "unit": "€"
    },
    "productPrice": {
      "value": 8.99,
      "unit": "€"
    },
    "productPricePerUnit": {
      "value": 8.99,
      "unit": "€/kg"
    },
    "productPriceWithLoyaltyCard": null,
    "productPricePerUnitWithLoyaltyCard": null,
    "imageUrl": "https://cdn.barbora.lv/products/5399ca03-c864-48d2-9ffb-0b0bbc0eb63c_s.png",
    "available": true,
    "discount": 10
  },
  {
    "shop": "MAXIMA",
    "categories": [
      2,
      2001,
      20010015
    ],
    "productName": "Galetes griķu - rīsu DR.NATURE 110g",
    "productPriceOld": null,
    "productPrice": {
      "value": 0.99,
      "unit": "€"
    },
    "productPricePerUnit": {
      "value": 9,
      "unit": "€/kg"
    },
    "productPriceWithLoyaltyCard": null,
    "productPricePerUnitWithLoyaltyCard": null,
    "imageUrl": "https://cdn.barbora.lv/products/d53247b6-56fa-48fa-b23c-355e02396028_s.png",
    "available": true,
    "discount": null
  },
  {
    "shop": "RIMI",
    "categories": [
      2,
      2001,
      2001008,
      2001001
    ],
    "productName": "Sausbaranciņas pilngraudu ar sēklām 220g",
    "productPriceOld": null,
    "productPrice": {
      "value": 1.99,
      "unit": "€/gab"
    },
    "productPricePerUnit": {
      "value": 9.05,
      "unit": "€/kg"
    },
    "productPriceWithLoyaltyCard": null,
    "productPricePerUnitWithLoyaltyCard": null,
    "imageUrl": "https://rimibaltic-res.cloudinary.com/image/upload/d_ecommerce:backend-fallback.png/MAT_939139_PCE_LV",
    "available": true,
    "discount": null
  },
  {
    "shop": "MAXIMA",
    "categories": [
      2,
      2001,
      20010015,
      2001001
    ],
    "productName": "Pilngr. sausbaranciņas ar sēkliņām 220g",
    "productPriceOld": null,
    "productPrice": {
      "value": 1.99,
      "unit": "€"
    },
    "productPricePerUnit": {
      "value": 9.05,
      "unit": "€/kg"
    },
    "productPriceWithLoyaltyCard": null,
    "productPricePerUnitWithLoyaltyCard": null,
    "imageUrl": "https://cdn.barbora.lv/products/78d41bd0-e6a2-40ad-9eef-ef7330fc8931_s.png",
    "available": true,
    "discount": null
  },
  {
    "shop": "RIMI",
    "categories": [
      1,
      1002,
      10010026
    ],
    "productName": "Kombuča dzīvības dzēr. ananāsu 330ml",
    "productPriceOld": null,
    "productPrice": {
      "value": 2.99,
      "unit": "€/gab"
    },
    "productPricePerUnit": {
      "value": 9.06,
      "unit": "€/l"
    },
    "productPriceWithLoyaltyCard": null,
    "productPricePerUnitWithLoyaltyCard": null,
    "imageUrl": "https://rimibaltic-res.cloudinary.com/image/upload/d_ecommerce:backend-fallback.png/MAT_174238_PCE_LV",
    "available": true,
    "discount": null
  },
  {
    "shop": "RIMI",
    "categories": [
      1,
      1002,
      10010026
    ],
    "productName": "Kombuča dzīvības dzēr.Tradicionālā 330ml",
    "productPriceOld": null,
    "productPrice": {
      "value": 2.99,
      "unit": "€/gab"
    },
    "productPricePerUnit": {
      "value": 9.06,
      "unit": "€/l"
    },
    "productPriceWithLoyaltyCard": null,
    "productPricePerUnitWithLoyaltyCard": null,
    "imageUrl": "https://rimibaltic-res.cloudinary.com/image/upload/d_ecommerce:backend-fallback.png/MAT_174243_PCE_LV",
    "available": true,
    "discount": null
  },
  {
    "shop": "RIMI",
    "categories": [
      1,
      1002,
      10010026
    ],
    "productName": "Kombuča Dzīvības dzēriens jasmīnu 330ml",
    "productPriceOld": null,
    "productPrice": {
      "value": 2.99,
      "unit": "€/gab"
    },
    "productPricePerUnit": {
      "value": 9.06,
      "unit": "€/l"
    },
    "productPriceWithLoyaltyCard": null,
    "productPricePerUnitWithLoyaltyCard": null,
    "imageUrl": "https://rimibaltic-res.cloudinary.com/image/upload/d_ecommerce:backend-fallback.png/MAT_1372047_PCE_LV",
    "available": true,
    "discount": null
  },
  {
    "shop": "RIMI",
    "categories": [
      1,
      1002,
      10010026
    ],
    "productName": "Kombuča dzīvības dzēr.ingv.un kurk.330ml",
    "productPriceOld": null,
    "productPrice": {
      "value": 2.99,
      "unit": "€/gab"
    },
    "productPricePerUnit": {
      "value": 9.06,
      "unit": "€/l"
    },
    "productPriceWithLoyaltyCard": null,
    "productPricePerUnitWithLoyaltyCard": null,
    "imageUrl": "https://rimibaltic-res.cloudinary.com/image/upload/d_ecommerce:backend-fallback.png/MAT_195097_PCE_LV",
    "available": true,
    "discount": null
  },
  {
    "shop": "RIMI",
    "categories": [
      1,
      1002,
      10010026
    ],
    "productName": "Kombuča Dzīvības dzēriens rooibos 330ml",
    "productPriceOld": null,
    "productPrice": {
      "value": 2.99,
      "unit": "€/gab"
    },
    "productPricePerUnit": {
      "value": 9.06,
      "unit": "€/l"
    },
    "productPriceWithLoyaltyCard": null,
    "productPricePerUnitWithLoyaltyCard": null,
    "imageUrl": "https://rimibaltic-res.cloudinary.com/image/upload/d_ecommerce:backend-fallback.png/MAT_1372053_PCE_LV",
    "available": true,
    "discount": null
  },
  {
    "shop": "RIMI",
    "categories": [
      1,
      1002,
      10010027
    ],
    "productName": "Dzēriens Nocco Blood Orange 330ml",
    "productPriceOld": null,
    "productPrice": {
      "value": 2.99,
      "unit": "€/gab"
    },
    "productPricePerUnit": {
      "value": 9.06,
      "unit": "€/l"
    },
    "productPriceWithLoyaltyCard": null,
    "productPricePerUnitWithLoyaltyCard": null,
    "imageUrl": "https://rimibaltic-res.cloudinary.com/image/upload/d_ecommerce:backend-fallback.png/MAT_1368648_PCE_LV",
    "available": true,
    "discount": null
  },
  {
    "shop": "RIMI",
    "categories": [
      1,
      1002,
      10010022
    ],
    "productName": "Enerģ. dzēriens Nocco Ramonade ar sald. 330ml",
    "productPriceOld": null,
    "productPrice": {
      "value": 2.99,
      "unit": "€/gab"
    },
    "productPricePerUnit": {
      "value": 9.06,
      "unit": "€/l"
    },
    "productPriceWithLoyaltyCard": null,
    "productPricePerUnitWithLoyaltyCard": null,
    "imageUrl": "https://rimibaltic-res.cloudinary.com/image/upload/d_ecommerce:backend-fallback.png/MAT_1371940_PCE_LV",
    "available": true,
    "discount": null
  },
  {
    "shop": "RIMI",
    "categories": [
      1,
      1002,
      10010027
    ],
    "productName": "Dzēriens Nocco Sunny Soda 330ml",
    "productPriceOld": null,
    "productPrice": {
      "value": 2.99,
      "unit": "€/gab"
    },
    "productPricePerUnit": {
      "value": 9.06,
      "unit": "€/l"
    },
    "productPriceWithLoyaltyCard": null,
    "productPricePerUnitWithLoyaltyCard": null,
    "imageUrl": "https://rimibaltic-res.cloudinary.com/image/upload/d_ecommerce:backend-fallback.png/MAT_1370109_PCE_LV",
    "available": true,
    "discount": null
  },
  {
    "shop": "MAXIMA",
    "categories": [
      1,
      1001,
      1001001
    ],
    "productName": "Alus KASTEEL Rouge 8% 0,5L sk. D",
    "productPriceOld": null,
    "productPrice": {
      "value": 4.53,
      "unit": "€"
    },
    "productPricePerUnit": {
      "value": 9.06,
      "unit": "€/l"
    },
    "productPriceWithLoyaltyCard": null,
    "productPricePerUnitWithLoyaltyCard": null,
    "imageUrl": "https://cdn.barbora.lv/products/2e4d9988-3ea4-4ea1-be2f-19ed90e7a4d0_s.png",
    "available": true,
    "discount": null
  },
  {
    "shop": "MAXIMA",
    "categories": [
      2,
      20011
    ],
    "productName": "Smalkmaizīte OMĪTES magoņu 65g",
    "productPriceOld": {
      "value": 0.69,
      "unit": "€"
    },
    "productPrice": {
      "value": 0.59,
      "unit": "€"
    },
    "productPricePerUnit": {
      "value": 9.08,
      "unit": "€/kg"
    },
    "productPriceWithLoyaltyCard": null,
    "productPricePerUnitWithLoyaltyCard": null,
    "imageUrl": "https://cdn.barbora.lv/products/7ef159c9-dd88-487c-928c-5a907839c1b2_s.png",
    "available": true,
    "discount": 14
  },
  {
    "shop": "MAXIMA",
    "categories": [
      2,
      20011
    ],
    "productName": "Smalkmaizīte ar marcipānu un magonēm 87g",
    "productPriceOld": null,
    "productPrice": {
      "value": 0.79,
      "unit": "€"
    },
    "productPricePerUnit": {
      "value": 9.08,
      "unit": "€/kg"
    },
    "productPriceWithLoyaltyCard": null,
    "productPricePerUnitWithLoyaltyCard": null,
    "imageUrl": "https://cdn.barbora.lv/products/25e52eac-e25f-42e3-bc01-17166bde563b_s.png",
    "available": true,
    "discount": null
  },
  {
    "shop": "MAXIMA",
    "categories": [
      2,
      2001,
      20010015
    ],
    "productName": "Galetes Ustukiu kviešu ar sezamu un jūras sāli 100g",
    "productPriceOld": null,
    "productPrice": {
      "value": 0.91,
      "unit": "€"
    },
    "productPricePerUnit": {
      "value": 9.1,
      "unit": "€/kg"
    },
    "productPriceWithLoyaltyCard": null,
    "productPricePerUnitWithLoyaltyCard": null,
    "imageUrl": "https://cdn.barbora.lv/products/bc7fcb96-6d74-4f4e-a441-33115c8dbeb3_s.png",
    "available": true,
    "discount": null
  },
  {
    "shop": "RIMI",
    "categories": [
      1,
      1001,
      1001003
    ],
    "productName": "Karstvīns Rotwild baltais 10,5% 0,75l",
    "productPriceOld": null,
    "productPrice": {
      "value": 6.85,
      "unit": "€/gab"
    },
    "productPricePerUnit": {
      "value": 9.13,
      "unit": "€/l"
    },
    "productPriceWithLoyaltyCard": null,
    "productPricePerUnitWithLoyaltyCard": null,
    "imageUrl": "https://rimibaltic-res.cloudinary.com/image/upload/d_ecommerce:backend-fallback.png/MAT_7289127_PCE_LV",
    "available": true,
    "discount": null
  },
  {
    "shop": "RIMI",
    "categories": [
      1,
      1002,
      10010025
    ],
    "productName": "Sīrups Orange Spritz ar saldinātājiem 600ml",
    "productPriceOld": null,
    "productPrice": {
      "value": 5.49,
      "unit": "€/gab"
    },
    "productPricePerUnit": {
      "value": 9.15,
      "unit": "€/l"
    },
    "productPriceWithLoyaltyCard": null,
    "productPricePerUnitWithLoyaltyCard": null,
    "imageUrl": "https://rimibaltic-res.cloudinary.com/image/upload/d_ecommerce:backend-fallback.png/MAT_1015574_PCE_LV",
    "available": true,
    "discount": null
  },
  {
    "shop": "RIMI",
    "categories": [
      1,
      1001,
      1001006
    ],
    "productName": "Vermuts Grantini Bianco 14,5% 1l",
    "productPriceOld": null,
    "productPrice": {
      "value": 9.15,
      "unit": "€/gab"
    },
    "productPricePerUnit": {
      "value": 9.15,
      "unit": "€/l"
    },
    "productPriceWithLoyaltyCard": null,
    "productPricePerUnitWithLoyaltyCard": null,
    "imageUrl": "https://rimibaltic-res.cloudinary.com/image/upload/d_ecommerce:backend-fallback.png/MAT_140578_PCE_LV",
    "available": true,
    "discount": null
  },
  {
    "shop": "MAXIMA",
    "categories": [
      2,
      2002
    ],
    "productName": "Torte biezpiena Ieviņa 1,2kg",
    "productPriceOld": null,
    "productPrice": {
      "value": 10.99,
      "unit": "€"
    },
    "productPricePerUnit": {
      "value": 9.16,
      "unit": "€/kg"
    },
    "productPriceWithLoyaltyCard": null,
    "productPricePerUnitWithLoyaltyCard": null,
    "imageUrl": "https://cdn.barbora.lv/products/18f4e4ac-d537-463d-b961-76549607083b_s.png",
    "available": true,
    "discount": null
  },
  {
    "shop": "CITRO",
    "categories": [
      1,
      1001,
      1001005
    ],
    "productName": "ALK.KOKT. DINS GRAPEFRUIT 14% 0.25L",
    "productPriceOld": null,
    "productPrice": null,
    "productPricePerUnit": {
      "value": 9.16,
      "unit": "€/L"
    },
    "productPriceWithLoyaltyCard": null,
    "productPricePerUnitWithLoyaltyCard": null,
    "imageUrl": "https://rezekne.citro.lv/wp-content/uploads/2023/03/4750012001095-300x300.jpg",
    "available": true,
    "discount": null
  },
  {
    "shop": "CITRO",
    "categories": [
      2,
      2002
    ],
    "productName": "TORTE BIEZPIENA AR ĶIRŠIEM 500G SMILTENESP",
    "productPriceOld": {
      "value": 4.89,
      "unit": "€"
    },
    "productPrice": {
      "value": 4.59,
      "unit": "€"
    },
    "productPricePerUnit": {
      "value": 9.18,
      "unit": "€/KG"
    },
    "productPriceWithLoyaltyCard": null,
    "productPricePerUnitWithLoyaltyCard": null,
    "imageUrl": "https://rezekne.citro.lv/wp-content/uploads/2020/10/4750109677578-300x300.jpg",
    "available": true,
    "discount": 6
  },
  {
    "shop": "CITRO",
    "categories": [
      2,
      2002
    ],
    "productName": "TORTE BIEZPIENA AR MELLENĒM 500G SMILTENESP",
    "productPriceOld": {
      "value": 4.89,
      "unit": "€"
    },
    "productPrice": {
      "value": 4.59,
      "unit": "€"
    },
    "productPricePerUnit": {
      "value": 9.18,
      "unit": "€/KG"
    },
    "productPriceWithLoyaltyCard": null,
    "productPricePerUnitWithLoyaltyCard": null,
    "imageUrl": "https://rezekne.citro.lv/wp-content/uploads/2021/03/4750109677561-300x300.jpg",
    "available": true,
    "discount": 6
  },
  {
    "shop": "RIMI",
    "categories": [
      1,
      1001,
      1001002
    ],
    "productName": "Sidrs Gardener's  āb., cid. salds 5,5% 0,75l",
    "productPriceOld": null,
    "productPrice": {
      "value": 6.89,
      "unit": "€/gab"
    },
    "productPricePerUnit": {
      "value": 9.19,
      "unit": "€/l"
    },
    "productPriceWithLoyaltyCard": null,
    "productPricePerUnitWithLoyaltyCard": null,
    "imageUrl": "https://rimibaltic-res.cloudinary.com/image/upload/d_ecommerce:backend-fallback.png/MAT_1372941_PCE_LV",
    "available": true,
    "discount": null
  },
  {
    "shop": "RIMI",
    "categories": [
      1,
      1001,
      1001002
    ],
    "productName": "Sidrs Gardener's āb.,up.pussausais 5,5% 0,75l",
    "productPriceOld": null,
    "productPrice": {
      "value": 6.89,
      "unit": "€/gab"
    },
    "productPricePerUnit": {
      "value": 9.19,
      "unit": "€/l"
    },
    "productPriceWithLoyaltyCard": null,
    "productPricePerUnitWithLoyaltyCard": null,
    "imageUrl": "https://rimibaltic-res.cloudinary.com/image/upload/d_ecommerce:backend-fallback.png/MAT_1372934_PCE_LV",
    "available": true,
    "discount": null
  },
  {
    "shop": "MAXIMA",
    "categories": [
      1,
      1001,
      1001003
    ],
    "productName": "Vīns B.CENTENARIAS CHARDONNAY 12% 0,75L",
    "productPriceOld": null,
    "productPrice": {
      "value": 6.89,
      "unit": "€"
    },
    "productPricePerUnit": {
      "value": 9.19,
      "unit": "€/l"
    },
    "productPriceWithLoyaltyCard": null,
    "productPricePerUnitWithLoyaltyCard": null,
    "imageUrl": "https://cdn.barbora.lv/products/19e17332-a86b-4b83-a5ed-9f18a0ab8624_s.png",
    "available": true,
    "discount": null
  },
  {
    "shop": "MAXIMA",
    "categories": [
      2,
      2004
    ],
    "productName": "Kruasāns ar aveņu un krēma pild.75g",
    "productPriceOld": null,
    "productPrice": {
      "value": 0.69,
      "unit": "€"
    },
    "productPricePerUnit": {
      "value": 9.2,
      "unit": "€/kg"
    },
    "productPriceWithLoyaltyCard": null,
    "productPricePerUnitWithLoyaltyCard": null,
    "imageUrl": "https://cdn.barbora.lv/products/da98f202-14df-474c-83aa-3367fb90bd44_s.png",
    "available": true,
    "discount": null
  },
  {
    "shop": "MAXIMA",
    "categories": [
      2,
      2004
    ],
    "productName": "Kruasāns ar karameļu pildījumu 75g",
    "productPriceOld": null,
    "productPrice": {
      "value": 0.69,
      "unit": "€"
    },
    "productPricePerUnit": {
      "value": 9.2,
      "unit": "€/kg"
    },
    "productPriceWithLoyaltyCard": null,
    "productPricePerUnitWithLoyaltyCard": null,
    "imageUrl": "https://cdn.barbora.lv/products/f28f8186-c1cf-42a3-9b48-8d53233f5786_s.png",
    "available": true,
    "discount": null
  },
  {
    "shop": "RIMI",
    "categories": [
      1,
      1001,
      1001004
    ],
    "productName": "Dz.v. Rīgas Šampan. bruts 11,5% 0,2l",
    "productPriceOld": null,
    "productPrice": {
      "value": 1.85,
      "unit": "€/gab"
    },
    "productPricePerUnit": {
      "value": 9.25,
      "unit": "€/l"
    },
    "productPriceWithLoyaltyCard": null,
    "productPricePerUnitWithLoyaltyCard": null,
    "imageUrl": "https://rimibaltic-res.cloudinary.com/image/upload/d_ecommerce:backend-fallback.png/MAT_735308_PCE_LV",
    "available": true,
    "discount": null
  },
  {
    "shop": "MAXIMA",
    "categories": [
      1,
      1001,
      1001003
    ],
    "productName": "Dzirkst.vīns TOSO FRAGOLINO 7% 0,75L",
    "productPriceOld": null,
    "productPrice": {
      "value": 6.94,
      "unit": "€"
    },
    "productPricePerUnit": {
      "value": 9.25,
      "unit": "€/l"
    },
    "productPriceWithLoyaltyCard": null,
    "productPricePerUnitWithLoyaltyCard": null,
    "imageUrl": "https://cdn.barbora.lv/products/a542ebd9-d541-40da-b2ce-f8913f93b027_s.png",
    "available": true,
    "discount": null
  },
  {
    "shop": "MAXIMA",
    "categories": [
      1,
      1001,
      1001003
    ],
    "productName": "Vīns VINA MAIPO Sauv. Blanc BIB 12,5% 3L",
    "productPriceOld": null,
    "productPrice": {
      "value": 27.79,
      "unit": "€"
    },
    "productPricePerUnit": {
      "value": 9.26,
      "unit": "€/l"
    },
    "productPriceWithLoyaltyCard": null,
    "productPricePerUnitWithLoyaltyCard": null,
    "imageUrl": "https://cdn.barbora.lv/products/d5d86a6f-e9ab-4ba6-9794-724ebc2643e1_s.png",
    "available": true,
    "discount": null
  },
  {
    "shop": "MAXIMA",
    "categories": [
      1,
      1001,
      1001003
    ],
    "productName": "Vīns VINA MAIPO Cabernet Sauvignon 12% BIB 3L",
    "productPriceOld": null,
    "productPrice": {
      "value": 27.79,
      "unit": "€"
    },
    "productPricePerUnit": {
      "value": 9.26,
      "unit": "€/l"
    },
    "productPriceWithLoyaltyCard": null,
    "productPricePerUnitWithLoyaltyCard": null,
    "imageUrl": "https://cdn.barbora.lv/products/cdabc960-422f-4fe0-a20c-f94df8b6d437_s.png",
    "available": true,
    "discount": null
  },
  {
    "shop": "RIMI",
    "categories": [
      2,
      2008
    ],
    "productName": "Virtulis Ring of Joy augļu pildījumu atk. 70g",
    "productPriceOld": null,
    "productPrice": {
      "value": 0.65,
      "unit": "€/gab"
    },
    "productPricePerUnit": {
      "value": 9.29,
      "unit": "€/kg"
    },
    "productPriceWithLoyaltyCard": null,
    "productPricePerUnitWithLoyaltyCard": null,
    "imageUrl": "https://rimibaltic-res.cloudinary.com/image/upload/d_ecommerce:backend-fallback.png/MAT_4002900_PCE_LV",
    "available": true,
    "discount": null
  },
  {
    "shop": "MAXIMA",
    "categories": [
      2,
      20011
    ],
    "productName": "Smalkmaizīte Austiņa 55g",
    "productPriceOld": null,
    "productPrice": {
      "value": 0.65,
      "unit": "€"
    },
    "productPricePerUnit": {
      "value": 9.29,
      "unit": "€/kg"
    },
    "productPriceWithLoyaltyCard": null,
    "productPricePerUnitWithLoyaltyCard": null,
    "imageUrl": "https://cdn.barbora.lv/products/f2ba116d-e81e-47ec-aa86-4c2bb8332803_s.png",
    "available": true,
    "discount": null
  },
  {
    "shop": "MAXIMA",
    "categories": [
      2,
      2008
    ],
    "productName": "Virtulis ar krēma pildījumu atkausēts 70g",
    "productPriceOld": null,
    "productPrice": {
      "value": 0.65,
      "unit": "€"
    },
    "productPricePerUnit": {
      "value": 9.29,
      "unit": "€/kg"
    },
    "productPriceWithLoyaltyCard": null,
    "productPricePerUnitWithLoyaltyCard": null,
    "imageUrl": "https://cdn.barbora.lv/products/f33166e1-5e74-4be8-b595-519eb745e40a_s.png",
    "available": true,
    "discount": null
  },
  {
    "shop": "MAXIMA",
    "categories": [
      2,
      2001,
      20010013
    ],
    "productName": "Maizītes Hot Dog 6gab 300g",
    "productPriceOld": null,
    "productPrice": {
      "value": 2.79,
      "unit": "€"
    },
    "productPricePerUnit": {
      "value": 9.3,
      "unit": "€/kg"
    },
    "productPriceWithLoyaltyCard": null,
    "productPricePerUnitWithLoyaltyCard": null,
    "imageUrl": "https://cdn.barbora.lv/products/28c94fd7-c908-4a37-9840-ecb82dd38cf8_s.png",
    "available": true,
    "discount": null
  },
  {
    "shop": "CITRO",
    "productName": "RAUSĪŠI AR SIERU CITRO 300G",
    "productPriceOld": null,
    "productPrice": null,
    "productPricePerUnit": {
      "value": 9.3,
      "unit": "€/KG"
    },
    "productPriceWithLoyaltyCard": null,
    "productPricePerUnitWithLoyaltyCard": null,
    "imageUrl": "https://rezekne.citro.lv/wp-content/uploads/2024/01/Rausisi-ar-sieru-300x300.jpg",
    "available": true,
    "discount": null,
    "categories": [
      2,
      20010
    ]
  },
  {
    "shop": "RIMI",
    "categories": [
      1,
      1003,
      1003003
    ],
    "productName": "Bezalko. dzirk. vīna dzēriens Mionetto 0,75l",
    "productPriceOld": null,
    "productPrice": {
      "value": 6.99,
      "unit": "€/gab"
    },
    "productPricePerUnit": {
      "value": 9.32,
      "unit": "€/l"
    },
    "productPriceWithLoyaltyCard": null,
    "productPricePerUnitWithLoyaltyCard": null,
    "imageUrl": "https://rimibaltic-res.cloudinary.com/image/upload/d_ecommerce:backend-fallback.png/MAT_1368827_PCE_LV",
    "available": true,
    "discount": null
  },
  {
    "shop": "RIMI",
    "categories": [
      1,
      1001,
      1001003
    ],
    "productName": "Dz.B.v.Donelli Prosecco Brut 11,5% 0,75l",
    "productPriceOld": null,
    "productPrice": {
      "value": 11.49,
      "unit": "€/gab"
    },
    "productPricePerUnit": {
      "value": 15.32,
      "unit": "€/l"
    },
    "productPriceWithLoyaltyCard": {
      "value": 6.99,
      "unit": "€"
    },
    "productPricePerUnitWithLoyaltyCard": {
      "value": 9.32,
      "unit": "€/l"
    },
    "imageUrl": "https://rimibaltic-res.cloudinary.com/image/upload/d_ecommerce:backend-fallback.png/MAT_7145236_PCE_LV",
    "available": true,
    "discount": 39
  },
  {
    "shop": "RIMI",
    "categories": [
      1,
      1001,
      1001003
    ],
    "productName": "S.v. Primitivo Collezione 15% 0,75l, sauss",
    "productPriceOld": null,
    "productPrice": {
      "value": 12.25,
      "unit": "€/gab"
    },
    "productPricePerUnit": {
      "value": 16.33,
      "unit": "€/l"
    },
    "productPriceWithLoyaltyCard": {
      "value": 6.99,
      "unit": "€"
    },
    "productPricePerUnitWithLoyaltyCard": {
      "value": 9.32,
      "unit": "€/l"
    },
    "imageUrl": "https://rimibaltic-res.cloudinary.com/image/upload/d_ecommerce:backend-fallback.png/MAT_7277394_PCE_LV",
    "available": true,
    "discount": 43
  },
  {
    "shop": "RIMI",
    "categories": [
      1,
      1001,
      1001003
    ],
    "productName": "S.v. Monte Zovo Doppio Rosso 14% 0,75l",
    "productPriceOld": null,
    "productPrice": {
      "value": 14.25,
      "unit": "€/gab"
    },
    "productPricePerUnit": {
      "value": 19,
      "unit": "€/l"
    },
    "productPriceWithLoyaltyCard": {
      "value": 6.99,
      "unit": "€"
    },
    "productPricePerUnitWithLoyaltyCard": {
      "value": 9.32,
      "unit": "€/l"
    },
    "imageUrl": "https://rimibaltic-res.cloudinary.com/image/upload/d_ecommerce:backend-fallback.png/MAT_7220750_PCE_LV",
    "available": true,
    "discount": 51
  },
  {
    "shop": "RIMI",
    "categories": [
      1,
      1001,
      1001003
    ],
    "productName": "S.v. C. Charlize Primitivo Puglia 13,5% 0,75l",
    "productPriceOld": null,
    "productPrice": {
      "value": 12.55,
      "unit": "€/gab"
    },
    "productPricePerUnit": {
      "value": 16.73,
      "unit": "€/l"
    },
    "productPriceWithLoyaltyCard": {
      "value": 6.99,
      "unit": "€"
    },
    "productPricePerUnitWithLoyaltyCard": {
      "value": 9.32,
      "unit": "€/l"
    },
    "imageUrl": "https://rimibaltic-res.cloudinary.com/image/upload/d_ecommerce:backend-fallback.png/MAT_7213998_PCE_LV",
    "available": true,
    "discount": 44
  },
  {
    "shop": "RIMI",
    "categories": [
      1,
      1001,
      1001003
    ],
    "productName": "Sarkanvīns Umano Kindzmarauli 11,5% 0,75l",
    "productPriceOld": null,
    "productPrice": {
      "value": 12.49,
      "unit": "€/gab"
    },
    "productPricePerUnit": {
      "value": 16.65,
      "unit": "€/l"
    },
    "productPriceWithLoyaltyCard": {
      "value": 6.99,
      "unit": "€"
    },
    "productPricePerUnitWithLoyaltyCard": {
      "value": 9.32,
      "unit": "€/l"
    },
    "imageUrl": "https://rimibaltic-res.cloudinary.com/image/upload/d_ecommerce:backend-fallback.png/MAT_7231988_PCE_LV",
    "available": true,
    "discount": 44
  },
  {
    "shop": "RIMI",
    "categories": [
      1,
      1001,
      1001004
    ],
    "productName": "Dz. v. Rubinat Cava 11,5% 0,75l",
    "productPriceOld": null,
    "productPrice": {
      "value": 11.25,
      "unit": "€/gab"
    },
    "productPricePerUnit": {
      "value": 15,
      "unit": "€/l"
    },
    "productPriceWithLoyaltyCard": {
      "value": 6.99,
      "unit": "€"
    },
    "productPricePerUnitWithLoyaltyCard": {
      "value": 9.32,
      "unit": "€/l"
    },
    "imageUrl": "https://rimibaltic-res.cloudinary.com/image/upload/d_ecommerce:backend-fallback.png/MAT_7221064_PCE_LV",
    "available": true,
    "discount": 38
  },
  {
    "shop": "RIMI",
    "categories": [
      1,
      1001,
      1001003
    ],
    "productName": "B.v. Monte Zovo Pinot Grigio 12,5% 0,75l",
    "productPriceOld": null,
    "productPrice": {
      "value": 13.29,
      "unit": "€/gab"
    },
    "productPricePerUnit": {
      "value": 17.72,
      "unit": "€/l"
    },
    "productPriceWithLoyaltyCard": {
      "value": 6.99,
      "unit": "€"
    },
    "productPricePerUnitWithLoyaltyCard": {
      "value": 9.32,
      "unit": "€/l"
    },
    "imageUrl": "https://rimibaltic-res.cloudinary.com/image/upload/d_ecommerce:backend-fallback.png/MAT_7083283_PCE_LV",
    "available": true,
    "discount": 47
  },
  {
    "shop": "RIMI",
    "categories": [
      1,
      1001,
      1001003
    ],
    "productName": "S.v.Leon Perdigal C.Du Rhone 13,5% 0,75l",
    "productPriceOld": null,
    "productPrice": {
      "value": 13.29,
      "unit": "€/gab"
    },
    "productPricePerUnit": {
      "value": 17.72,
      "unit": "€/l"
    },
    "productPriceWithLoyaltyCard": {
      "value": 6.99,
      "unit": "€"
    },
    "productPricePerUnitWithLoyaltyCard": {
      "value": 9.32,
      "unit": "€/l"
    },
    "imageUrl": "https://rimibaltic-res.cloudinary.com/image/upload/d_ecommerce:backend-fallback.png/MAT_7145209_PCE_LV",
    "available": true,
    "discount": 47
  },
  {
    "shop": "RIMI",
    "categories": [
      1,
      1001,
      1001003
    ],
    "productName": "B.v. Casa Charlize Pinot Grigio 12% 0,75l",
    "productPriceOld": null,
    "productPrice": {
      "value": 12.55,
      "unit": "€/gab"
    },
    "productPricePerUnit": {
      "value": 16.73,
      "unit": "€/l"
    },
    "productPriceWithLoyaltyCard": {
      "value": 6.99,
      "unit": "€"
    },
    "productPricePerUnitWithLoyaltyCard": {
      "value": 9.32,
      "unit": "€/l"
    },
    "imageUrl": "https://rimibaltic-res.cloudinary.com/image/upload/d_ecommerce:backend-fallback.png/MAT_7213986_PCE_LV",
    "available": true,
    "discount": 44
  },
  {
    "shop": "RIMI",
    "categories": [
      1,
      1001,
      1001003
    ],
    "productName": "S.v.L.Eschenauer Bord.Oak A. 14,5% 0,75l",
    "productPriceOld": null,
    "productPrice": {
      "value": 11.85,
      "unit": "€/gab"
    },
    "productPricePerUnit": {
      "value": 15.8,
      "unit": "€/l"
    },
    "productPriceWithLoyaltyCard": {
      "value": 6.99,
      "unit": "€"
    },
    "productPricePerUnitWithLoyaltyCard": {
      "value": 9.32,
      "unit": "€/l"
    },
    "imageUrl": "https://rimibaltic-res.cloudinary.com/image/upload/d_ecommerce:backend-fallback.png/MAT_104680_PCE_LV",
    "available": true,
    "discount": 41
  },
  {
    "shop": "RIMI",
    "categories": [
      1,
      1001,
      1001003
    ],
    "productName": "Baltvīns Crudo Cataratto Zibibbo 12,5% 0,75l",
    "productPriceOld": null,
    "productPrice": {
      "value": 11.19,
      "unit": "€/gab"
    },
    "productPricePerUnit": {
      "value": 14.92,
      "unit": "€/l"
    },
    "productPriceWithLoyaltyCard": {
      "value": 6.99,
      "unit": "€"
    },
    "productPricePerUnitWithLoyaltyCard": {
      "value": 9.32,
      "unit": "€/l"
    },
    "imageUrl": "https://rimibaltic-res.cloudinary.com/image/upload/d_ecommerce:backend-fallback.png/MAT_7132588_PCE_LV",
    "available": true,
    "discount": 38
  },
  {
    "shop": "RIMI",
    "categories": [
      1,
      1001,
      1001003
    ],
    "productName": "S.v. Crudo Nero d'Avola Cab.Sauv. 14,5% 0,75l",
    "productPriceOld": null,
    "productPrice": {
      "value": 11.69,
      "unit": "€/gab"
    },
    "productPricePerUnit": {
      "value": 15.59,
      "unit": "€/l"
    },
    "productPriceWithLoyaltyCard": {
      "value": 6.99,
      "unit": "€"
    },
    "productPricePerUnitWithLoyaltyCard": {
      "value": 9.32,
      "unit": "€/l"
    },
    "imageUrl": "https://rimibaltic-res.cloudinary.com/image/upload/d_ecommerce:backend-fallback.png/MAT_7162228_PCE_LV",
    "available": true,
    "discount": 40
  },
  {
    "shop": "RIMI",
    "categories": [
      1,
      1001,
      1001003
    ],
    "productName": "B.v.Monte Zovo Soave Doc 12,5% 0,75l",
    "productPriceOld": null,
    "productPrice": {
      "value": 13.29,
      "unit": "€/gab"
    },
    "productPricePerUnit": {
      "value": 17.72,
      "unit": "€/l"
    },
    "productPriceWithLoyaltyCard": {
      "value": 6.99,
      "unit": "€"
    },
    "productPricePerUnitWithLoyaltyCard": {
      "value": 9.32,
      "unit": "€/l"
    },
    "imageUrl": "https://rimibaltic-res.cloudinary.com/image/upload/d_ecommerce:backend-fallback.png/MAT_7193675_PCE_LV",
    "available": true,
    "discount": 47
  },
  {
    "shop": "RIMI",
    "categories": [
      1,
      1001,
      1001003
    ],
    "productName": "B.v. Monte Zovo Doppio Bianco 13% 0,75l",
    "productPriceOld": null,
    "productPrice": {
      "value": 14.25,
      "unit": "€/gab"
    },
    "productPricePerUnit": {
      "value": 19,
      "unit": "€/l"
    },
    "productPriceWithLoyaltyCard": {
      "value": 6.99,
      "unit": "€"
    },
    "productPricePerUnitWithLoyaltyCard": {
      "value": 9.32,
      "unit": "€/l"
    },
    "imageUrl": "https://rimibaltic-res.cloudinary.com/image/upload/d_ecommerce:backend-fallback.png/MAT_7220747_PCE_LV",
    "available": true,
    "discount": 51
  },
  {
    "shop": "RIMI",
    "categories": [
      1,
      1001,
      1001003
    ],
    "productName": "Sarkanvīns Umano Mukuzani, sauss 13% 0,75l",
    "productPriceOld": null,
    "productPrice": {
      "value": 11.49,
      "unit": "€/gab"
    },
    "productPricePerUnit": {
      "value": 15.32,
      "unit": "€/l"
    },
    "productPriceWithLoyaltyCard": {
      "value": 6.99,
      "unit": "€"
    },
    "productPricePerUnitWithLoyaltyCard": {
      "value": 9.32,
      "unit": "€/l"
    },
    "imageUrl": "https://rimibaltic-res.cloudinary.com/image/upload/d_ecommerce:backend-fallback.png/MAT_7231989_PCE_LV",
    "available": true,
    "discount": 39
  },
  {
    "shop": "RIMI",
    "categories": [
      1,
      1001,
      1001003
    ],
    "productName": "B.v. Umano Kisi 12,5% 0,75l",
    "productPriceOld": null,
    "productPrice": {
      "value": 10.59,
      "unit": "€/gab"
    },
    "productPricePerUnit": {
      "value": 14.12,
      "unit": "€/l"
    },
    "productPriceWithLoyaltyCard": {
      "value": 6.99,
      "unit": "€"
    },
    "productPricePerUnitWithLoyaltyCard": {
      "value": 9.32,
      "unit": "€/l"
    },
    "imageUrl": "https://rimibaltic-res.cloudinary.com/image/upload/d_ecommerce:backend-fallback.png/MAT_7252194_PCE_LV",
    "available": true,
    "discount": 34
  },
  {
    "shop": "RIMI",
    "categories": [
      1,
      1001,
      1001003
    ],
    "productName": "R.v. Monte Zovo Bardolino 12,5% 0,75l",
    "productPriceOld": null,
    "productPrice": {
      "value": 13.29,
      "unit": "€/gab"
    },
    "productPricePerUnit": {
      "value": 17.72,
      "unit": "€/l"
    },
    "productPriceWithLoyaltyCard": {
      "value": 6.99,
      "unit": "€"
    },
    "productPricePerUnitWithLoyaltyCard": {
      "value": 9.32,
      "unit": "€/l"
    },
    "imageUrl": "https://rimibaltic-res.cloudinary.com/image/upload/d_ecommerce:backend-fallback.png/MAT_7109578_PCE_LV",
    "available": true,
    "discount": 47
  },
  {
    "shop": "RIMI",
    "categories": [
      1,
      1001,
      1001003
    ],
    "productName": "R.v. Monte Zovo Bardolino 12,5% 0,75l",
    "productPriceOld": null,
    "productPrice": {
      "value": 13.29,
      "unit": "€/gab"
    },
    "productPricePerUnit": {
      "value": 17.72,
      "unit": "€/l"
    },
    "productPriceWithLoyaltyCard": {
      "value": 6.99,
      "unit": "€"
    },
    "productPricePerUnitWithLoyaltyCard": {
      "value": 9.32,
      "unit": "€/l"
    },
    "imageUrl": "https://rimibaltic-res.cloudinary.com/image/upload/d_ecommerce:backend-fallback.png/MAT_7109578_PCE_LV",
    "available": true,
    "discount": 47
  },
  {
    "shop": "RIMI",
    "categories": [
      1,
      1001,
      1001003
    ],
    "productName": "S.v. Chateau Pierron, sauss 13% 0,75l",
    "productPriceOld": null,
    "productPrice": {
      "value": 10.69,
      "unit": "€/gab"
    },
    "productPricePerUnit": {
      "value": 14.25,
      "unit": "€/l"
    },
    "productPriceWithLoyaltyCard": {
      "value": 6.99,
      "unit": "€"
    },
    "productPricePerUnitWithLoyaltyCard": {
      "value": 9.32,
      "unit": "€/l"
    },
    "imageUrl": "https://rimibaltic-res.cloudinary.com/image/upload/d_ecommerce:backend-fallback.png/MAT_7299758_PCE_LV",
    "available": true,
    "discount": 35
  },
  {
    "shop": "RIMI",
    "categories": [
      1,
      1001,
      1001003
    ],
    "productName": "B.v. Leon Perdigal Rhone 13,5% 0,75l",
    "productPriceOld": null,
    "productPrice": {
      "value": 13.29,
      "unit": "€/gab"
    },
    "productPricePerUnit": {
      "value": 17.72,
      "unit": "€/l"
    },
    "productPriceWithLoyaltyCard": {
      "value": 6.99,
      "unit": "€"
    },
    "productPricePerUnitWithLoyaltyCard": {
      "value": 9.32,
      "unit": "€/l"
    },
    "imageUrl": "https://rimibaltic-res.cloudinary.com/image/upload/d_ecommerce:backend-fallback.png/MAT_7145240_PCE_LV",
    "available": true,
    "discount": 47
  },
  {
    "shop": "RIMI",
    "categories": [
      1,
      1001,
      1001003
    ],
    "productName": "B.v. Heavenly Sauvignon Blanc 11% 0,75l",
    "productPriceOld": null,
    "productPrice": {
      "value": 11.85,
      "unit": "€/gab"
    },
    "productPricePerUnit": {
      "value": 15.8,
      "unit": "€/l"
    },
    "productPriceWithLoyaltyCard": {
      "value": 6.99,
      "unit": "€"
    },
    "productPricePerUnitWithLoyaltyCard": {
      "value": 9.32,
      "unit": "€/l"
    },
    "imageUrl": "https://rimibaltic-res.cloudinary.com/image/upload/d_ecommerce:backend-fallback.png/MAT_7263586_PCE_LV",
    "available": true,
    "discount": 41
  },
  {
    "shop": "RIMI",
    "categories": [
      1,
      1001,
      1001003
    ],
    "productName": "B.v. Umano Tsinandali 13% 0,75l",
    "productPriceOld": null,
    "productPrice": {
      "value": 10.49,
      "unit": "€/gab"
    },
    "productPricePerUnit": {
      "value": 13.99,
      "unit": "€/l"
    },
    "productPriceWithLoyaltyCard": {
      "value": 6.99,
      "unit": "€"
    },
    "productPricePerUnitWithLoyaltyCard": {
      "value": 9.32,
      "unit": "€/l"
    },
    "imageUrl": "https://rimibaltic-res.cloudinary.com/image/upload/d_ecommerce:backend-fallback.png/MAT_7252200_PCE_LV",
    "available": true,
    "discount": 33
  },
  {
    "shop": "RIMI",
    "categories": [
      1,
      1001,
      1001003
    ],
    "productName": "Ro.v.Obra Prima Rose Escolha 11% 0,75l,sauss",
    "productPriceOld": null,
    "productPrice": {
      "value": 9.25,
      "unit": "€/gab"
    },
    "productPricePerUnit": {
      "value": 12.33,
      "unit": "€/l"
    },
    "productPriceWithLoyaltyCard": {
      "value": 6.99,
      "unit": "€"
    },
    "productPricePerUnitWithLoyaltyCard": {
      "value": 9.32,
      "unit": "€/l"
    },
    "imageUrl": "https://rimibaltic-res.cloudinary.com/image/upload/d_ecommerce:backend-fallback.png/MAT_7277320_PCE_LV",
    "available": true,
    "discount": 24
  },
  {
    "shop": "RIMI",
    "categories": [
      1,
      1001,
      1001004
    ],
    "productName": "Dz.vīns Moscato Asti Donelli 7% 0,75l",
    "productPriceOld": null,
    "productPrice": {
      "value": 11.45,
      "unit": "€/gab"
    },
    "productPricePerUnit": {
      "value": 15.27,
      "unit": "€/l"
    },
    "productPriceWithLoyaltyCard": {
      "value": 6.99,
      "unit": "€"
    },
    "productPricePerUnitWithLoyaltyCard": {
      "value": 9.32,
      "unit": "€/l"
    },
    "imageUrl": "https://rimibaltic-res.cloudinary.com/image/upload/d_ecommerce:backend-fallback.png/MAT_7285238_PCE_LV",
    "available": true,
    "discount": 39
  },
  {
    "shop": "RIMI",
    "categories": [
      1,
      1001,
      1001003
    ],
    "productName": "B.v.Louis Eschneauer Bor.S.Blanc 11% 0,75l",
    "productPriceOld": null,
    "productPrice": {
      "value": 11.85,
      "unit": "€/gab"
    },
    "productPricePerUnit": {
      "value": 15.8,
      "unit": "€/l"
    },
    "productPriceWithLoyaltyCard": {
      "value": 6.99,
      "unit": "€"
    },
    "productPricePerUnitWithLoyaltyCard": {
      "value": 9.32,
      "unit": "€/l"
    },
    "imageUrl": "https://rimibaltic-res.cloudinary.com/image/upload/d_ecommerce:backend-fallback.png/MAT_7220751_PCE_LV",
    "available": true,
    "discount": 41
  },
  {
    "shop": "RIMI",
    "categories": [
      1,
      1001,
      1001004
    ],
    "productName": "Dz.v. Donelli Prosecco Rose Brut 11,5% 0,75l",
    "productPriceOld": null,
    "productPrice": {
      "value": 12.95,
      "unit": "€/gab"
    },
    "productPricePerUnit": {
      "value": 17.27,
      "unit": "€/l"
    },
    "productPriceWithLoyaltyCard": {
      "value": 6.99,
      "unit": "€"
    },
    "productPricePerUnitWithLoyaltyCard": {
      "value": 9.32,
      "unit": "€/l"
    },
    "imageUrl": "https://rimibaltic-res.cloudinary.com/image/upload/d_ecommerce:backend-fallback.png/MAT_7261054_PCE_LV",
    "available": true,
    "discount": 46
  },
  {
    "shop": "MAXIMA",
    "categories": [
      1,
      1003,
      1003004
    ],
    "productName": "Dealk.dz.vīn.dz.FREIXENET White 750ml D",
    "productPriceOld": null,
    "productPrice": {
      "value": 6.99,
      "unit": "€"
    },
    "productPricePerUnit": {
      "value": 9.32,
      "unit": "€/l"
    },
    "productPriceWithLoyaltyCard": null,
    "productPricePerUnitWithLoyaltyCard": null,
    "imageUrl": "https://cdn.barbora.lv/products/10fc5fec-e9ee-4447-9b26-835c1138308a_s.png",
    "available": true,
    "discount": null
  },
  {
    "shop": "MAXIMA",
    "categories": [
      1,
      1003,
      1003004
    ],
    "productName": "Dealk.dz.vīn.dzēr.FREIXENET Rose 750ml D",
    "productPriceOld": null,
    "productPrice": {
      "value": 6.99,
      "unit": "€"
    },
    "productPricePerUnit": {
      "value": 9.32,
      "unit": "€/l"
    },
    "productPriceWithLoyaltyCard": null,
    "productPricePerUnitWithLoyaltyCard": null,
    "imageUrl": "https://cdn.barbora.lv/products/294faf5d-04a6-4bd7-b551-7ce6fc06de98_s.png",
    "available": true,
    "discount": null
  },
  {
    "shop": "MAXIMA",
    "categories": [
      1,
      1003,
      1003003
    ],
    "productName": "Dealk.vīna dzēr.FREIXENET White 750ml D",
    "productPriceOld": null,
    "productPrice": {
      "value": 6.99,
      "unit": "€"
    },
    "productPricePerUnit": {
      "value": 9.32,
      "unit": "€/l"
    },
    "productPriceWithLoyaltyCard": null,
    "productPricePerUnitWithLoyaltyCard": null,
    "imageUrl": "https://cdn.barbora.lv/products/6d471e58-b562-4e1c-9d35-b9b754f19503_s.png",
    "available": true,
    "discount": null
  },
  {
    "shop": "MAXIMA",
    "categories": [
      1,
      1001,
      1001003
    ],
    "productName": "Vīns KGM Kindzmarauli 11% 0,75L",
    "productPriceOld": {
      "value": 11.45,
      "unit": "€"
    },
    "productPrice": {
      "value": 11.45,
      "unit": "€"
    },
    "productPricePerUnit": {
      "value": 15.27,
      "unit": "€/l"
    },
    "productPriceWithLoyaltyCard": {
      "value": 6.99,
      "unit": "€"
    },
    "productPricePerUnitWithLoyaltyCard": {
      "value": 9.32,
      "unit": "€/l"
    },
    "imageUrl": "https://cdn.barbora.lv/products/245fd3a8-66dc-44b0-be8a-d0fafb3b881d_s.png",
    "available": true,
    "discount": 39
  },
  {
    "shop": "MAXIMA",
    "categories": [
      1,
      1001,
      1001003
    ],
    "productName": "Vīns GATO 9 LIVES RESERA SAUVIGNON BLANC  12,5% 0,75L",
    "productPriceOld": {
      "value": 12.23,
      "unit": "€"
    },
    "productPrice": {
      "value": 12.23,
      "unit": "€"
    },
    "productPricePerUnit": {
      "value": 16.31,
      "unit": "€/l"
    },
    "productPriceWithLoyaltyCard": {
      "value": 6.99,
      "unit": "€"
    },
    "productPricePerUnitWithLoyaltyCard": {
      "value": 9.32,
      "unit": "€/l"
    },
    "imageUrl": "https://cdn.barbora.lv/products/b0cb7482-9f80-4752-8f2a-d0f65477556d_s.png",
    "available": true,
    "discount": 43
  },
  {
    "shop": "MAXIMA",
    "categories": [
      1,
      1001,
      1001003
    ],
    "productName": "Vīns FRONTERA Sauvignon Blanc 12,5%750ml",
    "productPriceOld": null,
    "productPrice": {
      "value": 6.99,
      "unit": "€"
    },
    "productPricePerUnit": {
      "value": 9.32,
      "unit": "€/l"
    },
    "productPriceWithLoyaltyCard": null,
    "productPricePerUnitWithLoyaltyCard": null,
    "imageUrl": "https://cdn.barbora.lv/products/fe8db144-6f40-47cf-906b-87a5303bb94b_s.png",
    "available": true,
    "discount": null
  },
  {
    "shop": "MAXIMA",
    "categories": [
      1,
      1001,
      1001003
    ],
    "productName": "Vīns FRONTERA Cab.Sauvignon 12,5% 750ml",
    "productPriceOld": null,
    "productPrice": {
      "value": 6.99,
      "unit": "€"
    },
    "productPricePerUnit": {
      "value": 9.32,
      "unit": "€/l"
    },
    "productPriceWithLoyaltyCard": null,
    "productPricePerUnitWithLoyaltyCard": null,
    "imageUrl": "https://cdn.barbora.lv/products/caddaf87-c520-4aa3-b958-400a5435a9d7_s.png",
    "available": true,
    "discount": null
  },
  {
    "shop": "MAXIMA",
    "categories": [
      1,
      1001,
      1001003
    ],
    "productName": "Vīns GATO 9 LIVES RES.CAB.S. 13,5% 0,75L",
    "productPriceOld": {
      "value": 12.23,
      "unit": "€"
    },
    "productPrice": {
      "value": 12.23,
      "unit": "€"
    },
    "productPricePerUnit": {
      "value": 16.31,
      "unit": "€/l"
    },
    "productPriceWithLoyaltyCard": {
      "value": 6.99,
      "unit": "€"
    },
    "productPricePerUnitWithLoyaltyCard": {
      "value": 9.32,
      "unit": "€/l"
    },
    "imageUrl": "https://cdn.barbora.lv/products/0bb603d2-1b38-4b46-9fa8-a757d15c2614_s.png",
    "available": true,
    "discount": 43
  },
  {
    "shop": "MAXIMA",
    "categories": [
      1,
      1001,
      1001003
    ],
    "productName": "Vīns BLUE NUN Pinot Grigio 11,5% 0,75L",
    "productPriceOld": {
      "value": 12.12,
      "unit": "€"
    },
    "productPrice": {
      "value": 12.12,
      "unit": "€"
    },
    "productPricePerUnit": {
      "value": 16.16,
      "unit": "€/l"
    },
    "productPriceWithLoyaltyCard": {
      "value": 6.99,
      "unit": "€"
    },
    "productPricePerUnitWithLoyaltyCard": {
      "value": 9.32,
      "unit": "€/l"
    },
    "imageUrl": "https://cdn.barbora.lv/products/960c8fd9-cbb5-40a0-882a-68bf03635820_s.png",
    "available": true,
    "discount": 42
  },
  {
    "shop": "MAXIMA",
    "categories": [
      1,
      1001,
      1001003
    ],
    "productName": "VĪNS MOLDAVIAN VALLEY PINOT N. 13% 0,75L",
    "productPriceOld": null,
    "productPrice": {
      "value": 6.99,
      "unit": "€"
    },
    "productPricePerUnit": {
      "value": 9.32,
      "unit": "€/l"
    },
    "productPriceWithLoyaltyCard": null,
    "productPricePerUnitWithLoyaltyCard": null,
    "imageUrl": "https://cdn.barbora.lv/products/f14e0ba7-d677-4462-82bc-4aa742cd3494_s.png",
    "available": true,
    "discount": null
  },
  {
    "shop": "MAXIMA",
    "categories": [
      1,
      1001,
      1001003
    ],
    "productName": "Vīns TELIANI VAL.TSINANDALI 12,5% 0,75L",
    "productPriceOld": {
      "value": 11.83,
      "unit": "€"
    },
    "productPrice": {
      "value": 11.83,
      "unit": "€"
    },
    "productPricePerUnit": {
      "value": 15.77,
      "unit": "€/l"
    },
    "productPriceWithLoyaltyCard": {
      "value": 6.99,
      "unit": "€"
    },
    "productPricePerUnitWithLoyaltyCard": {
      "value": 9.32,
      "unit": "€/l"
    },
    "imageUrl": "https://cdn.barbora.lv/products/8fe8af6f-70de-4b09-84be-cbc0f1b4a6a3_s.png",
    "available": true,
    "discount": 41
  },
  {
    "shop": "CITRO",
    "categories": [
      1,
      1001,
      1001003
    ],
    "productName": "VĪNS S.SHIRAZ MAORI BAY 13.5% 0.75L",
    "productPriceOld": null,
    "productPrice": null,
    "productPricePerUnit": {
      "value": 9.32,
      "unit": "€/L"
    },
    "productPriceWithLoyaltyCard": null,
    "productPricePerUnitWithLoyaltyCard": null,
    "imageUrl": "https://rezekne.citro.lv/wp-content/uploads/2023/04/4044551066630-300x300.jpg",
    "available": true,
    "discount": null
  },
  {
    "shop": "CITRO",
    "categories": [
      1,
      1001,
      1001003
    ],
    "productName": "VĪNS B. LA CROIX DU PIN CHARDONNAY 12.5% 0.75L",
    "productPriceOld": null,
    "productPrice": null,
    "productPricePerUnit": {
      "value": 9.32,
      "unit": "€/L"
    },
    "productPriceWithLoyaltyCard": null,
    "productPricePerUnitWithLoyaltyCard": null,
    "imageUrl": "https://rezekne.citro.lv/wp-content/uploads/2020/05/3531380083422-300x300.jpg",
    "available": true,
    "discount": null
  },
  {
    "shop": "CITRO",
    "categories": [
      1,
      1001,
      1001003
    ],
    "productName": "VĪNS S. LA CROIX DU PIN CABERNET SAUVIGNON 12.5% 0.75L",
    "productPriceOld": null,
    "productPrice": null,
    "productPricePerUnit": {
      "value": 9.32,
      "unit": "€/L"
    },
    "productPriceWithLoyaltyCard": null,
    "productPricePerUnitWithLoyaltyCard": null,
    "imageUrl": "https://rezekne.citro.lv/wp-content/uploads/2020/05/3531380083361-300x300.jpg",
    "available": true,
    "discount": null
  },
  {
    "shop": "CITRO",
    "categories": [
      1,
      1001,
      1001003
    ],
    "productName": "VĪNS S. LA CROIX DU PIN MERLOT 13% 0.75L",
    "productPriceOld": null,
    "productPrice": null,
    "productPricePerUnit": {
      "value": 9.32,
      "unit": "€/L"
    },
    "productPriceWithLoyaltyCard": null,
    "productPricePerUnitWithLoyaltyCard": null,
    "imageUrl": "https://rezekne.citro.lv/wp-content/uploads/2020/05/3531380083330-300x300.jpg",
    "available": true,
    "discount": null
  },
  {
    "shop": "CITRO",
    "categories": [
      1,
      1001,
      1001003
    ],
    "productName": "VĪNS S. LES ORMES DE CAMBRAS CABERNET SAUVIGNON ROUGE 12.5% 0.75L",
    "productPriceOld": null,
    "productPrice": null,
    "productPricePerUnit": {
      "value": 9.32,
      "unit": "€/L"
    },
    "productPriceWithLoyaltyCard": null,
    "productPricePerUnitWithLoyaltyCard": null,
    "imageUrl": "https://rezekne.citro.lv/wp-content/uploads/2025/01/3211203420039-300x300.jpg",
    "available": true,
    "discount": null
  },
  {
    "shop": "CITRO",
    "categories": [
      1,
      1001,
      1001003
    ],
    "productName": "VĪNS B. LES ORMES DE CAMBRAS SAUVIGNON BLANC 12% 0.75L",
    "productPriceOld": null,
    "productPrice": null,
    "productPricePerUnit": {
      "value": 9.32,
      "unit": "€/L"
    },
    "productPriceWithLoyaltyCard": null,
    "productPricePerUnitWithLoyaltyCard": null,
    "imageUrl": "https://rezekne.citro.lv/wp-content/uploads/2024/11/3211203420060-300x300.jpg",
    "available": true,
    "discount": null
  },
  {
    "shop": "CITRO",
    "categories": [
      1,
      1001,
      1001003
    ],
    "productName": "VĪNS R. LES ORMES DE CAMBRAS MERLOT ROSÉ 12% 0.75L",
    "productPriceOld": null,
    "productPrice": null,
    "productPricePerUnit": {
      "value": 9.32,
      "unit": "€/L"
    },
    "productPriceWithLoyaltyCard": null,
    "productPricePerUnitWithLoyaltyCard": null,
    "imageUrl": "https://rezekne.citro.lv/wp-content/uploads/2024/11/3211209969266-300x300.jpg",
    "available": true,
    "discount": null
  },
  {
    "shop": "CITRO",
    "categories": [
      1,
      1001,
      1001003
    ],
    "productName": "VĪNS S. PUSSALDS GRAN CASTILLO SEVILLA CABERNET SAUVIGNON SHIRAZ 12% 0.75L",
    "productPriceOld": null,
    "productPrice": null,
    "productPricePerUnit": {
      "value": 9.32,
      "unit": "€/L"
    },
    "productPriceWithLoyaltyCard": null,
    "productPricePerUnitWithLoyaltyCard": null,
    "imageUrl": "https://rezekne.citro.lv/wp-content/uploads/2025/02/4740158011607-300x300.jpg",
    "available": true,
    "discount": null
  },
  {
    "shop": "CITRO",
    "categories": [
      1,
      1001,
      1001003
    ],
    "productName": "VĪNS B.PUSSALDS GRAN CASTILLO BARCELONA SAUVIGNON BLANC 11% 0.75L",
    "productPriceOld": null,
    "productPrice": null,
    "productPricePerUnit": {
      "value": 9.32,
      "unit": "€/L"
    },
    "productPriceWithLoyaltyCard": null,
    "productPricePerUnitWithLoyaltyCard": null,
    "imageUrl": "https://rezekne.citro.lv/wp-content/uploads/2025/02/4740158011560-300x300.jpg",
    "available": true,
    "discount": null
  },
  {
    "shop": "CITRO",
    "categories": [
      1,
      1001,
      1001003
    ],
    "productName": "VĪNS S. NEXT KANGAROO SHIRAZ CABERNET SAUSS 13.5% 0.75L",
    "productPriceOld": null,
    "productPrice": null,
    "productPricePerUnit": {
      "value": 9.32,
      "unit": "€/L"
    },
    "productPriceWithLoyaltyCard": null,
    "productPricePerUnitWithLoyaltyCard": null,
    "imageUrl": "https://rezekne.citro.lv/wp-content/uploads/2023/05/8594045653311-300x300.jpg",
    "available": true,
    "discount": null
  },
  {
    "shop": "CITRO",
    "categories": [
      1,
      1001,
      1001003
    ],
    "productName": "VĪNS S. NEXT KANGAROO SHIRAZ CABERNET SAUSS 13.5% 0.75L",
    "productPriceOld": null,
    "productPrice": null,
    "productPricePerUnit": {
      "value": 9.32,
      "unit": "€/L"
    },
    "productPriceWithLoyaltyCard": null,
    "productPricePerUnitWithLoyaltyCard": null,
    "imageUrl": "https://rezekne.citro.lv/wp-content/uploads/2023/05/8594045653311-300x300.jpg",
    "available": true,
    "discount": null
  },
  {
    "shop": "CITRO",
    "categories": [
      1,
      1001,
      1001003
    ],
    "productName": "VĪNS R.PUSSALDS GRAN CASTILLO IBIZA BOBAL MOSCATO ROSE 11% 0.75L",
    "productPriceOld": null,
    "productPrice": null,
    "productPricePerUnit": {
      "value": 9.32,
      "unit": "€/L"
    },
    "productPriceWithLoyaltyCard": null,
    "productPricePerUnitWithLoyaltyCard": null,
    "imageUrl": "https://rezekne.citro.lv/wp-content/uploads/2025/02/4740158011584-300x300.jpg",
    "available": true,
    "discount": null
  },
  {
    "shop": "CITRO",
    "categories": [
      1,
      1001,
      1001003
    ],
    "productName": "VĪNS R.PUSSALDS GRAN CASTILLO IBIZA BOBAL MOSCATO ROSE 11% 0.75L",
    "productPriceOld": null,
    "productPrice": null,
    "productPricePerUnit": {
      "value": 9.32,
      "unit": "€/L"
    },
    "productPriceWithLoyaltyCard": null,
    "productPricePerUnitWithLoyaltyCard": null,
    "imageUrl": "https://rezekne.citro.lv/wp-content/uploads/2025/02/4740158011584-300x300.jpg",
    "available": true,
    "discount": null
  },
  {
    "shop": "CITRO",
    "categories": [
      1,
      1001,
      1001004
    ],
    "productName": "DZ.VĪNS ANTICA VIGNA PROSECCO DOC EXTRA DRY 11% 0.75L",
    "productPriceOld": null,
    "productPrice": null,
    "productPricePerUnit": {
      "value": 9.32,
      "unit": "€/L"
    },
    "productPriceWithLoyaltyCard": null,
    "productPricePerUnitWithLoyaltyCard": null,
    "imageUrl": "https://rezekne.citro.lv/wp-content/uploads/2020/07/Citro-image-placeholder-3.png",
    "available": true,
    "discount": null
  },
  {
    "shop": "CITRO",
    "categories": [
      1,
      1001,
      1001003
    ],
    "productName": "VĪNS B. DAOS PINOT GRIGIO MEDIUM DRY 11.5% 0.75L",
    "productPriceOld": null,
    "productPrice": null,
    "productPricePerUnit": {
      "value": 9.32,
      "unit": "€/L"
    },
    "productPriceWithLoyaltyCard": null,
    "productPricePerUnitWithLoyaltyCard": null,
    "imageUrl": "https://rezekne.citro.lv/wp-content/uploads/2024/05/4840472022249-300x300.jpg",
    "available": true,
    "discount": null
  },
  {
    "shop": "CITRO",
    "categories": [
      1,
      1001,
      1001003
    ],
    "productName": "VĪNS B. DAOS SAUVIGNON BLANC MEDIUM DRY 11.5% 0.75L",
    "productPriceOld": null,
    "productPrice": null,
    "productPricePerUnit": {
      "value": 9.32,
      "unit": "€/L"
    },
    "productPriceWithLoyaltyCard": null,
    "productPricePerUnitWithLoyaltyCard": null,
    "imageUrl": "https://rezekne.citro.lv/wp-content/uploads/2024/05/4840472022256-300x300.jpg",
    "available": true,
    "discount": null
  },
  {
    "shop": "CITRO",
    "categories": [
      1,
      1001,
      1001003
    ],
    "productName": "VĪNS R. BLUE NUN PINK PUSSAUSS 10.5% 0.75L",
    "productPriceOld": null,
    "productPrice": null,
    "productPricePerUnit": {
      "value": 9.32,
      "unit": "€/L"
    },
    "productPriceWithLoyaltyCard": null,
    "productPricePerUnitWithLoyaltyCard": null,
    "imageUrl": "https://rezekne.citro.lv/wp-content/uploads/2022/05/4022025290002ArFonu-300x300.jpg",
    "available": true,
    "discount": null
  },
  {
    "shop": "CITRO",
    "categories": [
      1,
      1001,
      1001003
    ],
    "productName": "VĪNS B. PINOT GRIGIO DELLE VENEZIE IGT 12% 0.75L",
    "productPriceOld": null,
    "productPrice": null,
    "productPricePerUnit": {
      "value": 9.32,
      "unit": "€/L"
    },
    "productPriceWithLoyaltyCard": null,
    "productPricePerUnitWithLoyaltyCard": null,
    "imageUrl": "https://rezekne.citro.lv/wp-content/uploads/2021/07/4779043310129-300x300.jpg",
    "available": true,
    "discount": null
  },
  {
    "shop": "MAXIMA",
    "categories": [
      2,
      2005
    ],
    "productName": "Plātsmaize ar rabarberiem MEISTARA MARKA 460g",
    "productPriceOld": null,
    "productPrice": {
      "value": 4.29,
      "unit": "€"
    },
    "productPricePerUnit": {
      "value": 9.33,
      "unit": "€/kg"
    },
    "productPriceWithLoyaltyCard": null,
    "productPricePerUnitWithLoyaltyCard": null,
    "imageUrl": "https://cdn.barbora.lv/products/7a12d854-dbfc-4246-adf5-1ff4a4cad949_s.png",
    "available": true,
    "discount": null
  },
  {
    "shop": "RIMI",
    "categories": [
      2,
      2001,
      2001009
    ],
    "productName": "Burgeru maizītes Potato 320g",
    "productPriceOld": null,
    "productPrice": {
      "value": 2.99,
      "unit": "€/gab"
    },
    "productPricePerUnit": {
      "value": 9.34,
      "unit": "€/kg"
    },
    "productPriceWithLoyaltyCard": null,
    "productPricePerUnitWithLoyaltyCard": null,
    "imageUrl": "https://rimibaltic-res.cloudinary.com/image/upload/d_ecommerce:backend-fallback.png/MAT_975729_PCE_LV",
    "available": true,
    "discount": null
  },
  {
    "shop": "RIMI",
    "categories": [
      1,
      1002,
      10010020
    ],
    "productName": "Smūtijs Zemeņu-Banānu 250ML",
    "productPriceOld": null,
    "productPrice": {
      "value": 2.35,
      "unit": "€/gab"
    },
    "productPricePerUnit": {
      "value": 9.4,
      "unit": "€/l"
    },
    "productPriceWithLoyaltyCard": null,
    "productPricePerUnitWithLoyaltyCard": null,
    "imageUrl": "https://rimibaltic-res.cloudinary.com/image/upload/d_ecommerce:backend-fallback.png/MAT_1359231_PCE_LV",
    "available": true,
    "discount": null
  },
  {
    "shop": "RIMI",
    "categories": [
      1,
      1002,
      10010020
    ],
    "productName": "Smūtijs Mango-Passion Augļu 250ML",
    "productPriceOld": null,
    "productPrice": {
      "value": 2.35,
      "unit": "€/gab"
    },
    "productPricePerUnit": {
      "value": 9.4,
      "unit": "€/l"
    },
    "productPriceWithLoyaltyCard": null,
    "productPricePerUnitWithLoyaltyCard": null,
    "imageUrl": "https://rimibaltic-res.cloudinary.com/image/upload/d_ecommerce:backend-fallback.png/MAT_1359189_PCE_LV",
    "available": true,
    "discount": null
  },
  {
    "shop": "RIMI",
    "categories": [
      1,
      1002,
      10010020
    ],
    "productName": "Smūtijs Kivi 250ml",
    "productPriceOld": null,
    "productPrice": {
      "value": 2.35,
      "unit": "€/gab"
    },
    "productPricePerUnit": {
      "value": 9.4,
      "unit": "€/l"
    },
    "productPriceWithLoyaltyCard": null,
    "productPricePerUnitWithLoyaltyCard": null,
    "imageUrl": "https://rimibaltic-res.cloudinary.com/image/upload/d_ecommerce:backend-fallback.png/MAT_1360939_PCE_LV",
    "available": true,
    "discount": null
  },
  {
    "shop": "MAXIMA",
    "categories": [
      1,
      1002,
      10010020
    ],
    "productName": "Smūtijs mango augļu SUN365 250ml D",
    "productPriceOld": null,
    "productPrice": {
      "value": 2.35,
      "unit": "€"
    },
    "productPricePerUnit": {
      "value": 9.4,
      "unit": "€/l"
    },
    "productPriceWithLoyaltyCard": null,
    "productPricePerUnitWithLoyaltyCard": null,
    "imageUrl": "https://cdn.barbora.lv/products/a498700d-6165-41fd-ad97-5a30f86ff99e_s.png",
    "available": true,
    "discount": null
  },
  {
    "shop": "MAXIMA",
    "categories": [
      1,
      1002,
      10010020
    ],
    "productName": "Smūtijs zemeņu augļu SUN365 250ml D",
    "productPriceOld": null,
    "productPrice": {
      "value": 2.35,
      "unit": "€"
    },
    "productPricePerUnit": {
      "value": 9.4,
      "unit": "€/l"
    },
    "productPriceWithLoyaltyCard": null,
    "productPricePerUnitWithLoyaltyCard": null,
    "imageUrl": "https://cdn.barbora.lv/products/978c5868-c37d-45c0-8a0a-dca1e14555ee_s.png",
    "available": true,
    "discount": null
  },
  {
    "shop": "MAXIMA",
    "categories": [
      1,
      1001,
      1001002
    ],
    "productName": "Sidrs KERISAC Brut 5% 0,75L D",
    "productPriceOld": null,
    "productPrice": {
      "value": 7.06,
      "unit": "€"
    },
    "productPricePerUnit": {
      "value": 9.41,
      "unit": "€/l"
    },
    "productPriceWithLoyaltyCard": null,
    "productPricePerUnitWithLoyaltyCard": null,
    "imageUrl": "https://cdn.barbora.lv/products/4f8df66f-a44d-4852-b470-d05345753bab_s.png",
    "available": true,
    "discount": null
  },
  {
    "shop": "MAXIMA",
    "categories": [
      1,
      1001,
      1001003
    ],
    "productName": "Vīns CASA CHARLIZE Prim.Pug.13,5% 3L BIB",
    "productPriceOld": null,
    "productPrice": {
      "value": 28.29,
      "unit": "€"
    },
    "productPricePerUnit": {
      "value": 9.43,
      "unit": "€/l"
    },
    "productPriceWithLoyaltyCard": null,
    "productPricePerUnitWithLoyaltyCard": null,
    "imageUrl": "https://cdn.barbora.lv/products/7f20e7e7-3f9c-41ce-8081-cf541bedf0ab_s.png",
    "available": true,
    "discount": null
  },
  {
    "shop": "MAXIMA",
    "categories": [
      2,
      2001,
      20010015
    ],
    "productName": "Uzkoda Hačapuri 105g",
    "productPriceOld": {
      "value": 1.19,
      "unit": "€"
    },
    "productPrice": {
      "value": 0.99,
      "unit": "€"
    },
    "productPricePerUnit": {
      "value": 9.43,
      "unit": "€/kg"
    },
    "productPriceWithLoyaltyCard": null,
    "productPricePerUnitWithLoyaltyCard": null,
    "imageUrl": "https://cdn.barbora.lv/products/1687a476-6c49-4e90-a73f-14c0a90fa951_s.png",
    "available": true,
    "discount": 17
  },
  {
    "shop": "RIMI",
    "categories": [
      2,
      2001,
      20010014
    ],
    "productName": "Sausmaizītes Flint ar siera garšu 90g",
    "productPriceOld": null,
    "productPrice": {
      "value": 0.85,
      "unit": "€/gab"
    },
    "productPricePerUnit": {
      "value": 9.44,
      "unit": "€/kg"
    },
    "productPriceWithLoyaltyCard": null,
    "productPricePerUnitWithLoyaltyCard": null,
    "imageUrl": "https://rimibaltic-res.cloudinary.com/image/upload/d_ecommerce:backend-fallback.png/MAT_996227_PCE_LV",
    "available": true,
    "discount": null
  },
  {
    "shop": "MAXIMA",
    "categories": [
      1,
      1001,
      1001003
    ],
    "productName": "Vīns CASA CHARLIZE Pinot Grig.12% 3L BIB",
    "productPriceOld": null,
    "productPrice": {
      "value": 28.32,
      "unit": "€"
    },
    "productPricePerUnit": {
      "value": 9.44,
      "unit": "€/l"
    },
    "productPriceWithLoyaltyCard": null,
    "productPricePerUnitWithLoyaltyCard": null,
    "imageUrl": "https://cdn.barbora.lv/products/5b111ea8-154d-4fce-9759-57562948e6b9_s.png",
    "available": true,
    "discount": null
  },
  {
    "shop": "RIMI",
    "categories": [
      2,
      2001,
      20010015
    ],
    "productName": "Pica ar šķiņķi 380g",
    "productPriceOld": null,
    "productPrice": {
      "value": 3.59,
      "unit": "€/gab"
    },
    "productPricePerUnit": {
      "value": 9.45,
      "unit": "€/kg"
    },
    "productPriceWithLoyaltyCard": null,
    "productPricePerUnitWithLoyaltyCard": null,
    "imageUrl": "https://rimibaltic-res.cloudinary.com/image/upload/d_ecommerce:backend-fallback.png/MAT_229092_PCE_LV",
    "available": true,
    "discount": null
  },
  {
    "shop": "MAXIMA",
    "categories": [
      1,
      1001,
      1001004
    ],
    "productName": "Dz.vīns RĪGAS Šamp.Oriģināl.11,5% 0,2L",
    "productPriceOld": null,
    "productPrice": {
      "value": 1.89,
      "unit": "€"
    },
    "productPricePerUnit": {
      "value": 9.45,
      "unit": "€/l"
    },
    "productPriceWithLoyaltyCard": null,
    "productPricePerUnitWithLoyaltyCard": null,
    "imageUrl": "https://cdn.barbora.lv/products/e0730903-dd0d-4d98-b450-ff1f565d3a26_s.png",
    "available": true,
    "discount": null
  },
  {
    "shop": "RIMI",
    "categories": [
      2,
      2004
    ],
    "productName": "Kruasāni 7Days Mini kakao, vaniļas pild. 185g",
    "productPriceOld": {
      "value": 1.99,
      "unit": "€"
    },
    "productPrice": {
      "value": 1.75,
      "unit": "€/gab"
    },
    "productPricePerUnit": {
      "value": 9.46,
      "unit": "€/kg"
    },
    "productPriceWithLoyaltyCard": null,
    "productPricePerUnitWithLoyaltyCard": null,
    "imageUrl": "https://rimibaltic-res.cloudinary.com/image/upload/d_ecommerce:backend-fallback.png/MAT_946956_PCE_LV",
    "available": true,
    "discount": 12
  },
  {
    "shop": "MAXIMA",
    "categories": [
      1,
      1001,
      1001003
    ],
    "productName": "Vīns TOKAJI MUSKOTALY 11% 0,75L",
    "productPriceOld": null,
    "productPrice": {
      "value": 7.1,
      "unit": "€"
    },
    "productPricePerUnit": {
      "value": 9.47,
      "unit": "€/l"
    },
    "productPriceWithLoyaltyCard": null,
    "productPricePerUnitWithLoyaltyCard": null,
    "imageUrl": "https://cdn.barbora.lv/products/6c66b1e3-e211-4dec-a95c-03de2b253ad2_s.png",
    "available": true,
    "discount": null
  },
  {
    "shop": "MAXIMA",
    "categories": [
      1,
      1001,
      1001006
    ],
    "productName": "Vermuts ITALIANA BIANCO 14,5% 1L",
    "productPriceOld": null,
    "productPrice": {
      "value": 9.49,
      "unit": "€"
    },
    "productPricePerUnit": {
      "value": 9.49,
      "unit": "€/l"
    },
    "productPriceWithLoyaltyCard": null,
    "productPricePerUnitWithLoyaltyCard": null,
    "imageUrl": "https://cdn.barbora.lv/products/77eb384a-e2db-4792-9090-2d727199f0c8_s.png",
    "available": true,
    "discount": null
  },
  {
    "shop": "RIMI",
    "categories": [
      2,
      2005
    ],
    "productName": "Kūka Pellia a Gusto ar žāvētām plūmēm 450g",
    "productPriceOld": {
      "value": 4.99,
      "unit": "€"
    },
    "productPrice": {
      "value": 4.29,
      "unit": "€/gab"
    },
    "productPricePerUnit": {
      "value": 9.53,
      "unit": "€/kg"
    },
    "productPriceWithLoyaltyCard": null,
    "productPricePerUnitWithLoyaltyCard": null,
    "imageUrl": "https://rimibaltic-res.cloudinary.com/image/upload/d_ecommerce:backend-fallback.png/MAT_4004831_PCE_LV",
    "available": true,
    "discount": 14
  },
  {
    "shop": "RIMI",
    "categories": [
      1,
      1001,
      1001004
    ],
    "productName": "Dz.v. Rīgas Prest. Cuvee bruts 11,5% 0,75l",
    "productPriceOld": null,
    "productPrice": {
      "value": 7.15,
      "unit": "€/gab"
    },
    "productPricePerUnit": {
      "value": 9.53,
      "unit": "€/l"
    },
    "productPriceWithLoyaltyCard": null,
    "productPricePerUnitWithLoyaltyCard": null,
    "imageUrl": "https://rimibaltic-res.cloudinary.com/image/upload/d_ecommerce:backend-fallback.png/MAT_7086019_PCE_LV",
    "available": true,
    "discount": null
  },
  {
    "shop": "RIMI",
    "categories": [
      1,
      1001,
      1001004
    ],
    "productName": "Dz.v. Rīgas Prest. Cuvee saldais 11,5% 0,75l",
    "productPriceOld": null,
    "productPrice": {
      "value": 7.15,
      "unit": "€/gab"
    },
    "productPricePerUnit": {
      "value": 9.53,
      "unit": "€/l"
    },
    "productPriceWithLoyaltyCard": null,
    "productPricePerUnitWithLoyaltyCard": null,
    "imageUrl": "https://rimibaltic-res.cloudinary.com/image/upload/d_ecommerce:backend-fallback.png/MAT_7086018_PCE_LV",
    "available": true,
    "discount": null
  },
  {
    "shop": "MAXIMA",
    "categories": [
      1,
      1001,
      1001004
    ],
    "productName": "Dzirkstošais vins Rīgas PRESTIGE CUVEE Sweet 11,5%0,75L",
    "productPriceOld": null,
    "productPrice": {
      "value": 7.15,
      "unit": "€"
    },
    "productPricePerUnit": {
      "value": 9.53,
      "unit": "€/l"
    },
    "productPriceWithLoyaltyCard": null,
    "productPricePerUnitWithLoyaltyCard": null,
    "imageUrl": "https://cdn.barbora.lv/products/9f6c1339-66a4-4634-a2d2-60b309022219_s.png",
    "available": true,
    "discount": null
  },
  {
    "shop": "MAXIMA",
    "categories": [
      1,
      1001,
      1001003
    ],
    "productName": "Dzirkstošais vīns Rīgas PRESTIGE CUVEE Semi Seco11,5%0,75L",
    "productPriceOld": null,
    "productPrice": {
      "value": 7.15,
      "unit": "€"
    },
    "productPricePerUnit": {
      "value": 9.53,
      "unit": "€/l"
    },
    "productPriceWithLoyaltyCard": null,
    "productPricePerUnitWithLoyaltyCard": null,
    "imageUrl": "https://cdn.barbora.lv/products/eb344a93-d1aa-47ab-8e01-939430935467_s.png",
    "available": true,
    "discount": null
  },
  {
    "shop": "MAXIMA",
    "categories": [
      1,
      1001,
      1001004
    ],
    "productName": "Dz.v.Rīgas PRESTIGE CUVEE Br.11,5% 0,75L",
    "productPriceOld": null,
    "productPrice": {
      "value": 7.15,
      "unit": "€"
    },
    "productPricePerUnit": {
      "value": 9.53,
      "unit": "€/l"
    },
    "productPriceWithLoyaltyCard": null,
    "productPricePerUnitWithLoyaltyCard": null,
    "imageUrl": "https://cdn.barbora.lv/products/4f29d116-9d75-41d2-9f58-6dd2ae76d3ab_s.png",
    "available": true,
    "discount": null
  },
  {
    "shop": "MAXIMA",
    "categories": [
      1,
      1001,
      1001003
    ],
    "productName": "Vīns LA CONDA SEMI SWEET RED 12,5% 0,75l",
    "productPriceOld": null,
    "productPrice": {
      "value": 7.15,
      "unit": "€"
    },
    "productPricePerUnit": {
      "value": 9.53,
      "unit": "€/l"
    },
    "productPriceWithLoyaltyCard": null,
    "productPricePerUnitWithLoyaltyCard": null,
    "imageUrl": "https://cdn.barbora.lv/products/9937c347-b75e-40af-a1d1-2edc4b40b8a1_s.png",
    "available": true,
    "discount": null
  },
  {
    "shop": "MAXIMA",
    "categories": [
      1,
      1001,
      1001003
    ],
    "productName": "Vīns LA CONDA CAB.SAUVIGNON 12,5% 0,75L",
    "productPriceOld": null,
    "productPrice": {
      "value": 7.15,
      "unit": "€"
    },
    "productPricePerUnit": {
      "value": 9.53,
      "unit": "€/l"
    },
    "productPriceWithLoyaltyCard": null,
    "productPricePerUnitWithLoyaltyCard": null,
    "imageUrl": "https://cdn.barbora.lv/products/fe9b4b99-732e-41ed-ba6e-aba26d2cace0_s.png",
    "available": true,
    "discount": null
  },
  {
    "shop": "MAXIMA",
    "categories": [
      1,
      1001,
      1001003
    ],
    "productName": "Vīns LA CONDA SEMI SWEET W. 12,5% 0,75l",
    "productPriceOld": null,
    "productPrice": {
      "value": 7.15,
      "unit": "€"
    },
    "productPricePerUnit": {
      "value": 9.53,
      "unit": "€/l"
    },
    "productPriceWithLoyaltyCard": null,
    "productPricePerUnitWithLoyaltyCard": null,
    "imageUrl": "https://cdn.barbora.lv/products/615d9d6f-3137-4fc7-9ce6-cae095e0bb20_s.png",
    "available": true,
    "discount": null
  },
  {
    "shop": "MAXIMA",
    "categories": [
      1,
      1001,
      1001005
    ],
    "productName": "Alk.kokt. DINS Gin&Tonic 14% 0,25L D",
    "productPriceOld": null,
    "productPrice": {
      "value": 2.39,
      "unit": "€"
    },
    "productPricePerUnit": {
      "value": 9.56,
      "unit": "€/l"
    },
    "productPriceWithLoyaltyCard": null,
    "productPricePerUnitWithLoyaltyCard": null,
    "imageUrl": "https://cdn.barbora.lv/products/97252899-a73b-4316-b3ea-3350db13b976_s.png",
    "available": true,
    "discount": null
  },
  {
    "shop": "MAXIMA",
    "categories": [
      1,
      1001,
      1001005
    ],
    "productName": "Alk.kokt. DINS Grapefruit 14% 250ml D",
    "productPriceOld": null,
    "productPrice": {
      "value": 2.39,
      "unit": "€"
    },
    "productPricePerUnit": {
      "value": 9.56,
      "unit": "€/l"
    },
    "productPriceWithLoyaltyCard": null,
    "productPricePerUnitWithLoyaltyCard": null,
    "imageUrl": "https://cdn.barbora.lv/products/88df3f41-103c-43fa-94bb-1169265919a7_s.png",
    "available": true,
    "discount": null
  },
  {
    "shop": "RIMI",
    "categories": [
      2,
      2008
    ],
    "productName": "Virtulis ar šok.pild.Mr Double Choco atk. 72g",
    "productPriceOld": null,
    "productPrice": {
      "value": 0.69,
      "unit": "€/gab"
    },
    "productPricePerUnit": {
      "value": 9.58,
      "unit": "€/kg"
    },
    "productPriceWithLoyaltyCard": null,
    "productPricePerUnitWithLoyaltyCard": null,
    "imageUrl": "https://rimibaltic-res.cloudinary.com/image/upload/d_ecommerce:backend-fallback.png/MAT_4006157_PCE_LV",
    "available": true,
    "discount": null
  },
  {
    "shop": "RIMI",
    "categories": [
      1,
      1002,
      10010025
    ],
    "productName": "Sīrups I Love Eco plūškoka ziedu 500ml",
    "productPriceOld": null,
    "productPrice": {
      "value": 4.79,
      "unit": "€/gab"
    },
    "productPricePerUnit": {
      "value": 9.58,
      "unit": "€/l"
    },
    "productPriceWithLoyaltyCard": null,
    "productPricePerUnitWithLoyaltyCard": null,
    "imageUrl": "https://rimibaltic-res.cloudinary.com/image/upload/d_ecommerce:backend-fallback.png/MAT_141228_PCE_LV",
    "available": true,
    "discount": null
  },
  {
    "shop": "MAXIMA",
    "categories": [
      1,
      1001,
      1001003
    ],
    "productName": "Vīns GRAND NOIR GSM 13% 0,75L",
    "productPriceOld": {
      "value": 10.78,
      "unit": "€"
    },
    "productPrice": {
      "value": 10.78,
      "unit": "€"
    },
    "productPricePerUnit": {
      "value": 14.37,
      "unit": "€/l"
    },
    "productPriceWithLoyaltyCard": {
      "value": 7.19,
      "unit": "€"
    },
    "productPricePerUnitWithLoyaltyCard": {
      "value": 9.58,
      "unit": "€/l"
    },
    "imageUrl": "https://cdn.barbora.lv/products/900f49ce-459e-4d54-9cb3-1b2343c6d815_s.png",
    "available": true,
    "discount": 33
  },
  {
    "shop": "MAXIMA",
    "categories": [
      1,
      1001,
      1001003
    ],
    "productName": "Vīns GRAND NOIR Sauvignon Bl.12,5% 0,75L",
    "productPriceOld": {
      "value": 10.78,
      "unit": "€"
    },
    "productPrice": {
      "value": 10.78,
      "unit": "€"
    },
    "productPricePerUnit": {
      "value": 14.37,
      "unit": "€/l"
    },
    "productPriceWithLoyaltyCard": {
      "value": 7.19,
      "unit": "€"
    },
    "productPricePerUnitWithLoyaltyCard": {
      "value": 9.58,
      "unit": "€/l"
    },
    "imageUrl": "https://cdn.barbora.lv/products/841fa3eb-186b-4da5-a818-aa032d2c08d2_s.png",
    "available": true,
    "discount": 33
  },
  {
    "shop": "MAXIMA",
    "categories": [
      1,
      1001,
      1001003
    ],
    "productName": "Vīns CHAPEL HILL RIESLING SAUVIGNON BLANC 12% 0,75L",
    "productPriceOld": null,
    "productPrice": {
      "value": 7.19,
      "unit": "€"
    },
    "productPricePerUnit": {
      "value": 9.59,
      "unit": "€/l"
    },
    "productPriceWithLoyaltyCard": null,
    "productPricePerUnitWithLoyaltyCard": null,
    "imageUrl": "https://cdn.barbora.lv/products/d4b0a7d7-1ec4-4266-b36d-3f76dc43cb39_s.png",
    "available": true,
    "discount": null
  },
  {
    "shop": "MAXIMA",
    "categories": [
      1,
      1001,
      1001003
    ],
    "productName": "Vīns CHAPEL HILL PINOT GRIGIO 12% 0,75L",
    "productPriceOld": null,
    "productPrice": {
      "value": 7.19,
      "unit": "€"
    },
    "productPricePerUnit": {
      "value": 9.59,
      "unit": "€/l"
    },
    "productPriceWithLoyaltyCard": null,
    "productPricePerUnitWithLoyaltyCard": null,
    "imageUrl": "https://cdn.barbora.lv/products/e2114cff-c12c-47db-b437-a93055466328_s.png",
    "available": true,
    "discount": null
  },
  {
    "shop": "MAXIMA",
    "categories": [
      1,
      1001,
      1001003
    ],
    "productName": "Vīns GRAND NOIR PINOT NOIR 12.5% 0,75L",
    "productPriceOld": {
      "value": 10.79,
      "unit": "€"
    },
    "productPrice": {
      "value": 10.79,
      "unit": "€"
    },
    "productPricePerUnit": {
      "value": 14.39,
      "unit": "€/l"
    },
    "productPriceWithLoyaltyCard": {
      "value": 7.19,
      "unit": "€"
    },
    "productPricePerUnitWithLoyaltyCard": {
      "value": 9.59,
      "unit": "€/l"
    },
    "imageUrl": "https://cdn.barbora.lv/products/433f8e9c-6dc0-4df2-b56c-b8cdeb4db639_s.png",
    "available": true,
    "discount": 33
  },
  {
    "shop": "MAXIMA",
    "categories": [
      1,
      1001,
      1001003
    ],
    "productName": "Vīna dzēriens AGDAMS 19% 0,75L",
    "productPriceOld": null,
    "productPrice": {
      "value": 7.19,
      "unit": "€"
    },
    "productPricePerUnit": {
      "value": 9.59,
      "unit": "€/l"
    },
    "productPriceWithLoyaltyCard": null,
    "productPricePerUnitWithLoyaltyCard": null,
    "imageUrl": "https://cdn.barbora.lv/products/8c667285-b0b4-4fb9-bef9-8c1c62992e4a_s.png",
    "available": true,
    "discount": null
  },
  {
    "shop": "MAXIMA",
    "categories": [
      1,
      1001,
      1001003
    ],
    "productName": "VĪNS CHAPEL HILL MERLOT 12,5% 0,75L",
    "productPriceOld": null,
    "productPrice": {
      "value": 7.19,
      "unit": "€"
    },
    "productPricePerUnit": {
      "value": 9.59,
      "unit": "€/l"
    },
    "productPriceWithLoyaltyCard": null,
    "productPricePerUnitWithLoyaltyCard": null,
    "imageUrl": "https://cdn.barbora.lv/products/0dac1712-09dc-4cd0-932c-d9dd5726224c_s.png",
    "available": true,
    "discount": null
  },
  {
    "shop": "RIMI",
    "categories": [
      1,
      1001,
      1001003
    ],
    "productName": "Sarkanvīns Monte Zovo Valpolicella 13% 3l",
    "productPriceOld": null,
    "productPrice": {
      "value": 28.79,
      "unit": "€/gab"
    },
    "productPricePerUnit": {
      "value": 9.6,
      "unit": "€/l"
    },
    "productPriceWithLoyaltyCard": null,
    "productPricePerUnitWithLoyaltyCard": null,
    "imageUrl": "https://rimibaltic-res.cloudinary.com/image/upload/d_ecommerce:backend-fallback.png/MAT_7235859_PCE_LV",
    "available": true,
    "discount": null
  },
  {
    "shop": "RIMI",
    "categories": [
      1,
      1001,
      1001003
    ],
    "productName": "Sarkanvīns Monte Zovo Valpolicella 13% 3l",
    "productPriceOld": null,
    "productPrice": {
      "value": 28.79,
      "unit": "€/gab"
    },
    "productPricePerUnit": {
      "value": 9.6,
      "unit": "€/l"
    },
    "productPriceWithLoyaltyCard": null,
    "productPricePerUnitWithLoyaltyCard": null,
    "imageUrl": "https://rimibaltic-res.cloudinary.com/image/upload/d_ecommerce:backend-fallback.png/MAT_7235859_PCE_LV",
    "available": true,
    "discount": null
  },
  {
    "shop": "RIMI",
    "categories": [
      1,
      1001,
      1001003
    ],
    "productName": "Rozā vīns Monte Zovo Rosata 12,5% 3l",
    "productPriceOld": null,
    "productPrice": {
      "value": 28.89,
      "unit": "€/gab"
    },
    "productPricePerUnit": {
      "value": 9.63,
      "unit": "€/l"
    },
    "productPriceWithLoyaltyCard": null,
    "productPricePerUnitWithLoyaltyCard": null,
    "imageUrl": "https://rimibaltic-res.cloudinary.com/image/upload/d_ecommerce:backend-fallback.png/MAT_7235921_PCE_LV",
    "available": true,
    "discount": null
  },
  {
    "shop": "MAXIMA",
    "categories": [
      1,
      1001,
      1001003
    ],
    "productName": "Vīns AZZURRO ROSE SWEET 11,5% 0,75L",
    "productPriceOld": null,
    "productPrice": {
      "value": 7.23,
      "unit": "€"
    },
    "productPricePerUnit": {
      "value": 9.64,
      "unit": "€/l"
    },
    "productPriceWithLoyaltyCard": null,
    "productPricePerUnitWithLoyaltyCard": null,
    "imageUrl": "https://cdn.barbora.lv/products/58ff7b01-e1fd-4e65-ad12-1909bcda87de_s.png",
    "available": true,
    "discount": null
  },
  {
    "shop": "MAXIMA",
    "categories": [
      1,
      1001,
      1001003
    ],
    "productName": "Vīns AZZURRO SEMI SWEET 11,5% 0,75L",
    "productPriceOld": null,
    "productPrice": {
      "value": 7.23,
      "unit": "€"
    },
    "productPricePerUnit": {
      "value": 9.64,
      "unit": "€/l"
    },
    "productPriceWithLoyaltyCard": null,
    "productPricePerUnitWithLoyaltyCard": null,
    "imageUrl": "https://cdn.barbora.lv/products/de1d5cd3-e5f5-4299-8037-0addbc18cd51_s.png",
    "available": true,
    "discount": null
  },
  {
    "shop": "MAXIMA",
    "categories": [
      1,
      1001,
      1001003
    ],
    "productName": "Vīns AZZURRO SWEET 11,5% 0,75L",
    "productPriceOld": null,
    "productPrice": {
      "value": 7.23,
      "unit": "€"
    },
    "productPricePerUnit": {
      "value": 9.64,
      "unit": "€/l"
    },
    "productPriceWithLoyaltyCard": null,
    "productPricePerUnitWithLoyaltyCard": null,
    "imageUrl": "https://cdn.barbora.lv/products/46e596ba-c968-4298-81a8-5fca5687cc1d_s.png",
    "available": true,
    "discount": null
  },
  {
    "shop": "RIMI",
    "categories": [
      2,
      2001,
      20010014
    ],
    "productName": "Smalkmaizītes Dance Cake piena 320g",
    "productPriceOld": null,
    "productPrice": {
      "value": 3.09,
      "unit": "€/gab"
    },
    "productPricePerUnit": {
      "value": 9.66,
      "unit": "€/kg"
    },
    "productPriceWithLoyaltyCard": null,
    "productPricePerUnitWithLoyaltyCard": null,
    "imageUrl": "https://rimibaltic-res.cloudinary.com/image/upload/d_ecommerce:backend-fallback.png/MAT_1009807_PCE_LV",
    "available": true,
    "discount": null
  },
  {
    "shop": "RIMI",
    "categories": [
      1,
      1001,
      1001003
    ],
    "productName": "S.v. Ramblas Reales Crianza 13% 0,75l",
    "productPriceOld": null,
    "productPrice": {
      "value": 7.25,
      "unit": "€/gab"
    },
    "productPricePerUnit": {
      "value": 9.67,
      "unit": "€/l"
    },
    "productPriceWithLoyaltyCard": null,
    "productPricePerUnitWithLoyaltyCard": null,
    "imageUrl": "https://rimibaltic-res.cloudinary.com/image/upload/d_ecommerce:backend-fallback.png/MAT_7252207_PCE_LV",
    "available": true,
    "discount": null
  },
  {
    "shop": "MAXIMA",
    "categories": [
      2,
      2007
    ],
    "productName": "Mafini Zafira ar zemeņu pildījumu 360g",
    "productPriceOld": null,
    "productPrice": {
      "value": 3.49,
      "unit": "€"
    },
    "productPricePerUnit": {
      "value": 9.69,
      "unit": "€/kg"
    },
    "productPriceWithLoyaltyCard": null,
    "productPricePerUnitWithLoyaltyCard": null,
    "imageUrl": "https://cdn.barbora.lv/products/a4ee9143-8b61-43f6-bb9a-5ea853a0b89f_s.png",
    "available": true,
    "discount": null
  },
  {
    "shop": "RIMI",
    "categories": [
      2,
      2007
    ],
    "productName": "Kēkss Lielpilsētas 370g",
    "productPriceOld": null,
    "productPrice": {
      "value": 3.59,
      "unit": "€/gab"
    },
    "productPricePerUnit": {
      "value": 9.7,
      "unit": "€/kg"
    },
    "productPriceWithLoyaltyCard": null,
    "productPricePerUnitWithLoyaltyCard": null,
    "imageUrl": "https://rimibaltic-res.cloudinary.com/image/upload/d_ecommerce:backend-fallback.png/MAT_921400_PCE_LV",
    "available": true,
    "discount": null
  },
  {
    "shop": "MAXIMA",
    "categories": [
      2,
      2007
    ],
    "productName": "Kēkss Lielpilsētas STABURADZE 370g",
    "productPriceOld": null,
    "productPrice": {
      "value": 3.59,
      "unit": "€"
    },
    "productPricePerUnit": {
      "value": 9.7,
      "unit": "€/kg"
    },
    "productPriceWithLoyaltyCard": null,
    "productPricePerUnitWithLoyaltyCard": null,
    "imageUrl": "https://cdn.barbora.lv/products/895ac725-1554-4876-8fdf-0ff521c80f87_s.png",
    "available": true,
    "discount": null
  },
  {
    "shop": "MAXIMA",
    "categories": [
      1,
      1001,
      1001003
    ],
    "productName": "Dzirkstošais vīns DOR ALB BRUT 11,5% 0,75L",
    "productPriceOld": null,
    "productPrice": {
      "value": 7.28,
      "unit": "€"
    },
    "productPricePerUnit": {
      "value": 9.71,
      "unit": "€/l"
    },
    "productPriceWithLoyaltyCard": null,
    "productPricePerUnitWithLoyaltyCard": null,
    "imageUrl": "https://cdn.barbora.lv/products/308d44db-67ad-4c74-b743-d650017600a6_s.png",
    "available": true,
    "discount": null
  },
  {
    "shop": "RIMI",
    "categories": [
      2,
      2001,
      20010014
    ],
    "productName": "Sausmaizītes Finn Crisp oriģinālās 400g",
    "productPriceOld": null,
    "productPrice": {
      "value": 3.89,
      "unit": "€/gab"
    },
    "productPricePerUnit": {
      "value": 9.72,
      "unit": "€/kg"
    },
    "productPriceWithLoyaltyCard": null,
    "productPricePerUnitWithLoyaltyCard": null,
    "imageUrl": "https://rimibaltic-res.cloudinary.com/image/upload/d_ecommerce:backend-fallback.png/MAT_104951_PCE_LV",
    "available": true,
    "discount": null
  },
  {
    "shop": "MAXIMA",
    "categories": [
      1,
      1001,
      1001003
    ],
    "productName": "Vīns ZIBOMARE Zibibbo 12% 0,75L",
    "productPriceOld": {
      "value": 10.17,
      "unit": "€"
    },
    "productPrice": {
      "value": 10.17,
      "unit": "€"
    },
    "productPricePerUnit": {
      "value": 13.56,
      "unit": "€/l"
    },
    "productPriceWithLoyaltyCard": {
      "value": 7.29,
      "unit": "€"
    },
    "productPricePerUnitWithLoyaltyCard": {
      "value": 9.72,
      "unit": "€/l"
    },
    "imageUrl": "https://cdn.barbora.lv/products/324f0ef3-f675-4f2c-bcac-b8a68f835508_s.png",
    "available": true,
    "discount": 28
  },
  {
    "shop": "MAXIMA",
    "categories": [
      1,
      1001,
      1001003
    ],
    "productName": "Vīns VORUTA UPEŅU 10% 0,75l",
    "productPriceOld": null,
    "productPrice": {
      "value": 7.29,
      "unit": "€"
    },
    "productPricePerUnit": {
      "value": 9.72,
      "unit": "€/l"
    },
    "productPriceWithLoyaltyCard": null,
    "productPricePerUnitWithLoyaltyCard": null,
    "imageUrl": "https://cdn.barbora.lv/products/0005714f-ee54-4d91-bfef-b241810263ff_s.png",
    "available": true,
    "discount": null
  },
  {
    "shop": "MAXIMA",
    "categories": [
      1,
      1001,
      1001003
    ],
    "productName": "Vīns VORUTA ĶIRŠU 10% 0,75L",
    "productPriceOld": null,
    "productPrice": {
      "value": 7.29,
      "unit": "€"
    },
    "productPricePerUnit": {
      "value": 9.72,
      "unit": "€/l"
    },
    "productPriceWithLoyaltyCard": null,
    "productPricePerUnitWithLoyaltyCard": null,
    "imageUrl": "https://cdn.barbora.lv/products/99fd5c4e-73f0-4349-858a-01441352ec62_s.png",
    "available": true,
    "discount": null
  },
  {
    "shop": "MAXIMA",
    "categories": [
      1,
      1001,
      1001003
    ],
    "productName": "Vīns SANTA HELENA CABERNET SAUVIGNON 13%0,75l",
    "productPriceOld": null,
    "productPrice": {
      "value": 7.29,
      "unit": "€"
    },
    "productPricePerUnit": {
      "value": 9.72,
      "unit": "€/l"
    },
    "productPriceWithLoyaltyCard": null,
    "productPricePerUnitWithLoyaltyCard": null,
    "imageUrl": "https://cdn.barbora.lv/products/8443ab2b-685d-48a5-a4d0-86d69863038c_s.png",
    "available": true,
    "discount": null
  },
  {
    "shop": "MAXIMA",
    "categories": [
      1,
      1001,
      1001003
    ],
    "productName": "Vīns SANTA HELENA CHARDONNAY 13% 0,75L",
    "productPriceOld": null,
    "productPrice": {
      "value": 7.29,
      "unit": "€"
    },
    "productPricePerUnit": {
      "value": 9.72,
      "unit": "€/l"
    },
    "productPriceWithLoyaltyCard": null,
    "productPricePerUnitWithLoyaltyCard": null,
    "imageUrl": "https://cdn.barbora.lv/products/c236c3e9-fcfe-4ae6-b4b3-aa49164e0b3d_s.png",
    "available": true,
    "discount": null
  },
  {
    "shop": "MAXIMA",
    "categories": [
      1,
      1001,
      1001003
    ],
    "productName": "Vīns BLUE NUN GEWURZTRAMINER 11% 0,75L",
    "productPriceOld": {
      "value": 11.97,
      "unit": "€"
    },
    "productPrice": {
      "value": 11.97,
      "unit": "€"
    },
    "productPricePerUnit": {
      "value": 15.96,
      "unit": "€/l"
    },
    "productPriceWithLoyaltyCard": {
      "value": 7.29,
      "unit": "€"
    },
    "productPricePerUnitWithLoyaltyCard": {
      "value": 9.72,
      "unit": "€/l"
    },
    "imageUrl": "https://cdn.barbora.lv/products/5364f41e-b5f6-4fd8-951e-d8a939f1c382_s.png",
    "available": true,
    "discount": 39
  },
  {
    "shop": "MAXIMA",
    "categories": [
      1,
      1001,
      1001003
    ],
    "productName": "Vīns PETER WEINBACH Late Harv.11% 0,75L",
    "productPriceOld": null,
    "productPrice": {
      "value": 7.29,
      "unit": "€"
    },
    "productPricePerUnit": {
      "value": 9.72,
      "unit": "€/l"
    },
    "productPriceWithLoyaltyCard": null,
    "productPricePerUnitWithLoyaltyCard": null,
    "imageUrl": "https://cdn.barbora.lv/products/4dcd5a58-a239-4527-b279-6ae1cf6e3815_s.png",
    "available": true,
    "discount": null
  },
  {
    "shop": "CITRO",
    "categories": [
      1,
      1001,
      1001003
    ],
    "productName": "VĪNS B. SUNRISE CHARDONNAY 13% 0.75L",
    "productPriceOld": null,
    "productPrice": null,
    "productPricePerUnit": {
      "value": 9.72,
      "unit": "€/L"
    },
    "productPriceWithLoyaltyCard": null,
    "productPricePerUnitWithLoyaltyCard": null,
    "imageUrl": "https://rezekne.citro.lv/wp-content/uploads/2020/09/7804320368115-300x300.jpg",
    "available": true,
    "discount": null
  },
  {
    "shop": "CITRO",
    "categories": [
      1,
      1001,
      1001003
    ],
    "productName": "VĪNS S. SUNRISE CABERNET SAUVIGNON 13.5% 0.75L",
    "productPriceOld": null,
    "productPrice": null,
    "productPricePerUnit": {
      "value": 9.72,
      "unit": "€/L"
    },
    "productPriceWithLoyaltyCard": null,
    "productPricePerUnitWithLoyaltyCard": null,
    "imageUrl": "https://rezekne.citro.lv/wp-content/uploads/2020/09/7804320349114-300x300.jpg",
    "available": true,
    "discount": null
  },
  {
    "shop": "CITRO",
    "categories": [
      1,
      1001,
      1001003
    ],
    "productName": "VĪNS B. MOSELLAND RIESLING TROCKEN 12% 0.75L",
    "productPriceOld": null,
    "productPrice": null,
    "productPricePerUnit": {
      "value": 9.72,
      "unit": "€/L"
    },
    "productPriceWithLoyaltyCard": null,
    "productPricePerUnitWithLoyaltyCard": null,
    "imageUrl": "https://rezekne.citro.lv/wp-content/uploads/2021/03/4006975006180-300x300.jpg",
    "available": true,
    "discount": null
  },
  {
    "shop": "CITRO",
    "categories": [
      2,
      2002
    ],
    "productName": "TORTE MEDUS CITRO  800G",
    "productPriceOld": null,
    "productPrice": null,
    "productPricePerUnit": {
      "value": 9.74,
      "unit": "€/KG"
    },
    "productPriceWithLoyaltyCard": null,
    "productPricePerUnitWithLoyaltyCard": null,
    "imageUrl": "https://rezekne.citro.lv/wp-content/uploads/2021/06/861753-300x300.jpg",
    "available": true,
    "discount": null
  },
  {
    "shop": "MAXIMA",
    "categories": [
      2,
      2005
    ],
    "productName": "Plātsmaize ar mellenēm, ķiršiem MEISTARA MARKA 460g",
    "productPriceOld": null,
    "productPrice": {
      "value": 4.49,
      "unit": "€"
    },
    "productPricePerUnit": {
      "value": 9.76,
      "unit": "€/kg"
    },
    "productPriceWithLoyaltyCard": null,
    "productPricePerUnitWithLoyaltyCard": null,
    "imageUrl": "https://cdn.barbora.lv/products/d2658686-32c5-4205-8fe4-540df2a113d7_s.png",
    "available": true,
    "discount": null
  },
  {
    "shop": "RIMI",
    "categories": [
      2,
      2001,
      2001004
    ],
    "productName": "Rudzu sausmaizītes Wasa Original 275g",
    "productPriceOld": null,
    "productPrice": {
      "value": 2.69,
      "unit": "€/gab"
    },
    "productPricePerUnit": {
      "value": 9.78,
      "unit": "€/kg"
    },
    "productPriceWithLoyaltyCard": null,
    "productPricePerUnitWithLoyaltyCard": null,
    "imageUrl": "https://rimibaltic-res.cloudinary.com/image/upload/d_ecommerce:backend-fallback.png/MAT_108121_PCE_LV",
    "available": true,
    "discount": null
  },
  {
    "shop": "RIMI",
    "categories": [
      1,
      1002,
      10010021
    ],
    "productName": "Bezalko. dzēriens Rose Lemonade 0,275l",
    "productPriceOld": null,
    "productPrice": {
      "value": 2.69,
      "unit": "€/gab"
    },
    "productPricePerUnit": {
      "value": 9.78,
      "unit": "€/l"
    },
    "productPriceWithLoyaltyCard": null,
    "productPricePerUnitWithLoyaltyCard": null,
    "imageUrl": "https://rimibaltic-res.cloudinary.com/image/upload/d_ecommerce:backend-fallback.png/MAT_1360725_PCE_LV",
    "available": true,
    "discount": null
  },
  {
    "shop": "RIMI",
    "categories": [
      1,
      1002,
      10010027
    ],
    "productName": "Bezalko. dzēriens Sparklings Raspberry 0,275l",
    "productPriceOld": null,
    "productPrice": {
      "value": 2.69,
      "unit": "€/gab"
    },
    "productPricePerUnit": {
      "value": 9.78,
      "unit": "€/l"
    },
    "productPriceWithLoyaltyCard": null,
    "productPricePerUnitWithLoyaltyCard": null,
    "imageUrl": "https://rimibaltic-res.cloudinary.com/image/upload/d_ecommerce:backend-fallback.png/MAT_1366022_PCE_LV",
    "available": true,
    "discount": null
  },
  {
    "shop": "MAXIMA",
    "categories": [
      1,
      1002,
      10010021
    ],
    "productName": "Gāzēts dzēriens FENTIMANS Cherry Cola 0,275L D",
    "productPriceOld": null,
    "productPrice": {
      "value": 2.69,
      "unit": "€"
    },
    "productPricePerUnit": {
      "value": 9.78,
      "unit": "€/l"
    },
    "productPriceWithLoyaltyCard": null,
    "productPricePerUnitWithLoyaltyCard": null,
    "imageUrl": "https://cdn.barbora.lv/products/b3701c41-12af-49b0-9589-be8b32fd836a_s.png",
    "available": true,
    "discount": null
  },
  {
    "shop": "MAXIMA",
    "categories": [
      1,
      1002,
      10010021
    ],
    "productName": "Gāz.dz. FENTIMANS Rose Lemonade 0,275L D",
    "productPriceOld": null,
    "productPrice": {
      "value": 2.69,
      "unit": "€"
    },
    "productPricePerUnit": {
      "value": 9.78,
      "unit": "€/l"
    },
    "productPriceWithLoyaltyCard": null,
    "productPricePerUnitWithLoyaltyCard": null,
    "imageUrl": "https://cdn.barbora.lv/products/508ebe2f-b2f0-43cc-8a43-7bc661d9e2e3_s.png",
    "available": true,
    "discount": null
  },
  {
    "shop": "MAXIMA",
    "categories": [
      1,
      1002,
      10010021
    ],
    "productName": "Gāzēts dzēriens FENTIMANS CURIOSITY COLA 0,275L",
    "productPriceOld": null,
    "productPrice": {
      "value": 2.69,
      "unit": "€"
    },
    "productPricePerUnit": {
      "value": 9.78,
      "unit": "€/l"
    },
    "productPriceWithLoyaltyCard": null,
    "productPricePerUnitWithLoyaltyCard": null,
    "imageUrl": "https://cdn.barbora.lv/products/a072dc5b-646a-4206-a676-b2b95971394a_s.png",
    "available": true,
    "discount": null
  },
  {
    "shop": "MAXIMA",
    "categories": [
      2,
      2001,
      2001004
    ],
    "productName": "Sausmaizītes rudzu WASA Original 275g",
    "productPriceOld": null,
    "productPrice": {
      "value": 2.69,
      "unit": "€"
    },
    "productPricePerUnit": {
      "value": 9.78,
      "unit": "€/kg"
    },
    "productPriceWithLoyaltyCard": null,
    "productPricePerUnitWithLoyaltyCard": null,
    "imageUrl": "https://cdn.barbora.lv/products/eb70aed7-303a-41e2-8c7b-1b8fbb68f45f_s.png",
    "available": true,
    "discount": null
  },
  {
    "shop": "MAXIMA",
    "categories": [
      1,
      1001,
      1001003
    ],
    "productName": "Vīns FRANCOIS DULAC BLANC 10,5% 1L",
    "productPriceOld": null,
    "productPrice": {
      "value": 9.79,
      "unit": "€"
    },
    "productPricePerUnit": {
      "value": 9.79,
      "unit": "€/l"
    },
    "productPriceWithLoyaltyCard": null,
    "productPricePerUnitWithLoyaltyCard": null,
    "imageUrl": "https://cdn.barbora.lv/products/1b67a628-14ef-42e1-b4fb-4cb1c8e76526_s.png",
    "available": true,
    "discount": null
  },
  {
    "shop": "MAXIMA",
    "categories": [
      1,
      1001,
      1001003
    ],
    "productName": "Vīns FRANCOIS DULAC Rouge 12,5% 1L",
    "productPriceOld": null,
    "productPrice": {
      "value": 9.79,
      "unit": "€"
    },
    "productPricePerUnit": {
      "value": 9.79,
      "unit": "€/l"
    },
    "productPriceWithLoyaltyCard": null,
    "productPricePerUnitWithLoyaltyCard": null,
    "imageUrl": "https://cdn.barbora.lv/products/b3bc9687-fe57-430a-b1d2-e252e66aed03_s.png",
    "available": true,
    "discount": null
  },
  {
    "shop": "MAXIMA",
    "categories": [
      1,
      1001,
      1001003
    ],
    "productName": "Vīns GRAND SUD SYRAH 12,5% 1L",
    "productPriceOld": null,
    "productPrice": {
      "value": 9.79,
      "unit": "€"
    },
    "productPricePerUnit": {
      "value": 9.79,
      "unit": "€/l"
    },
    "productPriceWithLoyaltyCard": null,
    "productPricePerUnitWithLoyaltyCard": null,
    "imageUrl": "https://cdn.barbora.lv/products/3708d46d-ef7f-4a69-a6b9-8f19ab81b2a1_s.png",
    "available": true,
    "discount": null
  },
  {
    "shop": "MAXIMA",
    "categories": [
      1,
      1001,
      1001003
    ],
    "productName": "Vīns GRAND SUD CHARDONNAY 12,5% 1L",
    "productPriceOld": null,
    "productPrice": {
      "value": 9.79,
      "unit": "€"
    },
    "productPricePerUnit": {
      "value": 9.79,
      "unit": "€/l"
    },
    "productPriceWithLoyaltyCard": null,
    "productPricePerUnitWithLoyaltyCard": null,
    "imageUrl": "https://cdn.barbora.lv/products/229c36ce-6e89-4abb-acd8-64cc3a0e3c0d_s.png",
    "available": true,
    "discount": null
  },
  {
    "shop": "RIMI",
    "categories": [
      1,
      1001,
      1001003
    ],
    "productName": "B.v. Moselland Riesling Kabin. 8% 0,75l",
    "productPriceOld": null,
    "productPrice": {
      "value": 7.35,
      "unit": "€/gab"
    },
    "productPricePerUnit": {
      "value": 9.8,
      "unit": "€/l"
    },
    "productPriceWithLoyaltyCard": null,
    "productPricePerUnitWithLoyaltyCard": null,
    "imageUrl": "https://rimibaltic-res.cloudinary.com/image/upload/d_ecommerce:backend-fallback.png/MAT_140062_PCE_LV",
    "available": true,
    "discount": null
  },
  {
    "shop": "RIMI",
    "categories": [
      1,
      1001,
      1001003
    ],
    "productName": "S.v.Dreamer Selected Harvest 10% 0,75l",
    "productPriceOld": null,
    "productPrice": {
      "value": 7.35,
      "unit": "€/gab"
    },
    "productPricePerUnit": {
      "value": 9.8,
      "unit": "€/l"
    },
    "productPriceWithLoyaltyCard": null,
    "productPricePerUnitWithLoyaltyCard": null,
    "imageUrl": "https://rimibaltic-res.cloudinary.com/image/upload/d_ecommerce:backend-fallback.png/MAT_7289340_PCE_LV",
    "available": true,
    "discount": null
  },
  {
    "shop": "RIMI",
    "categories": [
      1,
      1001,
      1001003
    ],
    "productName": "B.v. Dreamer Selected Harvest 10% 0,75l",
    "productPriceOld": null,
    "productPrice": {
      "value": 7.35,
      "unit": "€/gab"
    },
    "productPricePerUnit": {
      "value": 9.8,
      "unit": "€/l"
    },
    "productPriceWithLoyaltyCard": null,
    "productPricePerUnitWithLoyaltyCard": null,
    "imageUrl": "https://rimibaltic-res.cloudinary.com/image/upload/d_ecommerce:backend-fallback.png/MAT_7289319_PCE_LV",
    "available": true,
    "discount": null
  },
  {
    "shop": "RIMI",
    "categories": [
      1,
      1001,
      1001003
    ],
    "productName": "R.v. Dreamer Selected Harvest 10% 0,75l",
    "productPriceOld": null,
    "productPrice": {
      "value": 7.35,
      "unit": "€/gab"
    },
    "productPricePerUnit": {
      "value": 9.8,
      "unit": "€/l"
    },
    "productPriceWithLoyaltyCard": null,
    "productPricePerUnitWithLoyaltyCard": null,
    "imageUrl": "https://rimibaltic-res.cloudinary.com/image/upload/d_ecommerce:backend-fallback.png/MAT_7289318_PCE_LV",
    "available": true,
    "discount": null
  },
  {
    "shop": "MAXIMA",
    "categories": [
      1,
      1001,
      1001003
    ],
    "productName": "Vīns CAPE SPRING MERLOT CABERNET 14% 0,75L",
    "productPriceOld": null,
    "productPrice": {
      "value": 7.35,
      "unit": "€"
    },
    "productPricePerUnit": {
      "value": 9.8,
      "unit": "€/l"
    },
    "productPriceWithLoyaltyCard": null,
    "productPricePerUnitWithLoyaltyCard": null,
    "imageUrl": "https://cdn.barbora.lv/products/0cf8e3ef-4959-4eb7-bda8-16f16aeed61d_s.png",
    "available": true,
    "discount": null
  },
  {
    "shop": "MAXIMA",
    "categories": [
      1,
      1001,
      1001003
    ],
    "productName": "Vīns CAPE SPRING PINOTAGE 12,5% 0,75l",
    "productPriceOld": null,
    "productPrice": {
      "value": 7.35,
      "unit": "€"
    },
    "productPricePerUnit": {
      "value": 9.8,
      "unit": "€/l"
    },
    "productPriceWithLoyaltyCard": null,
    "productPricePerUnitWithLoyaltyCard": null,
    "imageUrl": "https://cdn.barbora.lv/products/858f7f0f-b6f7-438d-85a6-b7039618627b_s.png",
    "available": true,
    "discount": null
  },
  {
    "shop": "MAXIMA",
    "categories": [
      1,
      1001,
      1001003
    ],
    "productName": "Vīns BONGERONDE MED. DRY BLANC 11% 0,75L",
    "productPriceOld": null,
    "productPrice": {
      "value": 7.35,
      "unit": "€"
    },
    "productPricePerUnit": {
      "value": 9.8,
      "unit": "€/l"
    },
    "productPriceWithLoyaltyCard": null,
    "productPricePerUnitWithLoyaltyCard": null,
    "imageUrl": "https://cdn.barbora.lv/products/65a04188-d3dd-4580-82a3-1c50ac373fe8_s.png",
    "available": true,
    "discount": null
  },
  {
    "shop": "MAXIMA",
    "categories": [
      1,
      1001,
      1001003
    ],
    "productName": "Vīns BONGERONDE MED. DRY RED 11,5% 0,75L",
    "productPriceOld": null,
    "productPrice": {
      "value": 7.35,
      "unit": "€"
    },
    "productPricePerUnit": {
      "value": 9.8,
      "unit": "€/l"
    },
    "productPriceWithLoyaltyCard": null,
    "productPricePerUnitWithLoyaltyCard": null,
    "imageUrl": "https://cdn.barbora.lv/products/7d90bafb-4dc4-4715-b5b1-ed54d296e7c7_s.png",
    "available": true,
    "discount": null
  },
  {
    "shop": "MAXIMA",
    "categories": [
      1,
      1001,
      1001003
    ],
    "productName": "Vīna dzēriens TOTINO Cherry 14,5% 1L",
    "productPriceOld": null,
    "productPrice": {
      "value": 9.81,
      "unit": "€"
    },
    "productPricePerUnit": {
      "value": 9.81,
      "unit": "€/l"
    },
    "productPriceWithLoyaltyCard": null,
    "productPricePerUnitWithLoyaltyCard": null,
    "imageUrl": "https://cdn.barbora.lv/products/a7712b5a-6d74-4833-9156-945657edff28_s.png",
    "available": true,
    "discount": null
  },
  {
    "shop": "MAXIMA",
    "categories": [
      1,
      1001,
      1001003
    ],
    "productName": "Vīna dzēriens TOTINO Lime 12,5% 1L",
    "productPriceOld": null,
    "productPrice": {
      "value": 9.81,
      "unit": "€"
    },
    "productPricePerUnit": {
      "value": 9.81,
      "unit": "€/l"
    },
    "productPriceWithLoyaltyCard": null,
    "productPricePerUnitWithLoyaltyCard": null,
    "imageUrl": "https://cdn.barbora.lv/products/8986db5f-6d51-441b-8f86-09995a5dff34_s.png",
    "available": true,
    "discount": null
  },
  {
    "shop": "RIMI",
    "categories": [
      2,
      2001,
      20010015
    ],
    "productName": "Groziņi sāļie 300g",
    "productPriceOld": null,
    "productPrice": {
      "value": 2.95,
      "unit": "€/gab"
    },
    "productPricePerUnit": {
      "value": 9.83,
      "unit": "€/kg"
    },
    "productPriceWithLoyaltyCard": null,
    "productPricePerUnitWithLoyaltyCard": null,
    "imageUrl": "https://rimibaltic-res.cloudinary.com/image/upload/d_ecommerce:backend-fallback.png/MAT_275262_PCE_LV",
    "available": true,
    "discount": null
  },
  {
    "shop": "MAXIMA",
    "categories": [
      2,
      2005
    ],
    "productName": "Smalkmaizīte Biezpiena ar marmelādi 60g",
    "productPriceOld": null,
    "productPrice": {
      "value": 0.59,
      "unit": "€"
    },
    "productPricePerUnit": {
      "value": 9.83,
      "unit": "€/kg"
    },
    "productPriceWithLoyaltyCard": null,
    "productPricePerUnitWithLoyaltyCard": null,
    "imageUrl": "https://cdn.barbora.lv/products/bf1fb508-e195-45cd-8a5b-9435df3c6dbe_s.png",
    "available": true,
    "discount": null
  },
  {
    "shop": "MAXIMA",
    "categories": [
      2,
      2001,
      20010015
    ],
    "productName": "Groziņi SĀĻIE 300g",
    "productPriceOld": null,
    "productPrice": {
      "value": 2.95,
      "unit": "€"
    },
    "productPricePerUnit": {
      "value": 9.83,
      "unit": "€/kg"
    },
    "productPriceWithLoyaltyCard": null,
    "productPricePerUnitWithLoyaltyCard": null,
    "imageUrl": "https://cdn.barbora.lv/products/3322a4a1-f9a1-4f8f-b126-598360586c8c_s.png",
    "available": true,
    "discount": null
  },
  {
    "shop": "MAXIMA",
    "categories": [
      1,
      1001,
      1001002
    ],
    "productName": "Sidrs BELLOT BRUT 5,5% 0,75L D",
    "productPriceOld": null,
    "productPrice": {
      "value": 7.39,
      "unit": "€"
    },
    "productPricePerUnit": {
      "value": 9.85,
      "unit": "€/l"
    },
    "productPriceWithLoyaltyCard": null,
    "productPricePerUnitWithLoyaltyCard": null,
    "imageUrl": "https://cdn.barbora.lv/products/d136b91a-2548-41db-af31-875dc1b838a6_s.png",
    "available": true,
    "discount": null
  },
  {
    "shop": "MAXIMA",
    "categories": [
      1,
      1001,
      1001003
    ],
    "productName": "Vīns SOLOURO VINHO VERDE ROSE 10% 0,75L",
    "productPriceOld": null,
    "productPrice": {
      "value": 7.39,
      "unit": "€"
    },
    "productPricePerUnit": {
      "value": 9.85,
      "unit": "€/l"
    },
    "productPriceWithLoyaltyCard": null,
    "productPricePerUnitWithLoyaltyCard": null,
    "imageUrl": "https://cdn.barbora.lv/products/0d542a65-9dfc-4ea0-850d-17bdd00308c5_s.png",
    "available": true,
    "discount": null
  },
  {
    "shop": "MAXIMA",
    "categories": [
      1,
      1001,
      1001003
    ],
    "productName": "Vīns MAKANA CAB.SAUV.ORGANIC 13% 0,75L",
    "productPriceOld": null,
    "productPrice": {
      "value": 7.39,
      "unit": "€"
    },
    "productPricePerUnit": {
      "value": 9.85,
      "unit": "€/l"
    },
    "productPriceWithLoyaltyCard": null,
    "productPricePerUnitWithLoyaltyCard": null,
    "imageUrl": "https://cdn.barbora.lv/products/6f8f0968-93fd-45d3-a3db-3110583e5aba_s.png",
    "available": true,
    "discount": null
  },
  {
    "shop": "MAXIMA",
    "categories": [
      1,
      1001,
      1001003
    ],
    "productName": "Vīns CAPE SPRING SAUVIGNON 12,5% 0,75L",
    "productPriceOld": null,
    "productPrice": {
      "value": 7.39,
      "unit": "€"
    },
    "productPricePerUnit": {
      "value": 9.85,
      "unit": "€/l"
    },
    "productPriceWithLoyaltyCard": null,
    "productPricePerUnitWithLoyaltyCard": null,
    "imageUrl": "https://cdn.barbora.lv/products/8b02e5f0-fe76-4925-b15e-97c9c1312a5f_s.png",
    "available": true,
    "discount": null
  },
  {
    "shop": "MAXIMA",
    "categories": [
      1,
      1001,
      1001003
    ],
    "productName": "Dzirkst.vīns ALITA Brut Cuvee 11% 0,75L",
    "productPriceOld": null,
    "productPrice": {
      "value": 7.39,
      "unit": "€"
    },
    "productPricePerUnit": {
      "value": 9.85,
      "unit": "€/l"
    },
    "productPriceWithLoyaltyCard": null,
    "productPricePerUnitWithLoyaltyCard": null,
    "imageUrl": "https://cdn.barbora.lv/products/f0b8d647-47b9-46b7-9089-a1cb92d4bc92_s.png",
    "available": true,
    "discount": null
  },
  {
    "shop": "MAXIMA",
    "categories": [
      1,
      1001,
      1001003
    ],
    "productName": "Dzirkstoš.vīns ALITA Muscat 11% 0,75L",
    "productPriceOld": null,
    "productPrice": {
      "value": 7.39,
      "unit": "€"
    },
    "productPricePerUnit": {
      "value": 9.85,
      "unit": "€/l"
    },
    "productPriceWithLoyaltyCard": null,
    "productPricePerUnitWithLoyaltyCard": null,
    "imageUrl": "https://cdn.barbora.lv/products/401a3fdb-d75a-4132-b298-040aa277f600_s.png",
    "available": true,
    "discount": null
  },
  {
    "shop": "MAXIMA",
    "categories": [
      2,
      2001,
      2001004
    ],
    "productName": "Sausmaizītes rudzu WASA Delikatess 270g",
    "productPriceOld": null,
    "productPrice": {
      "value": 2.66,
      "unit": "€"
    },
    "productPricePerUnit": {
      "value": 9.85,
      "unit": "€/kg"
    },
    "productPriceWithLoyaltyCard": null,
    "productPricePerUnitWithLoyaltyCard": null,
    "imageUrl": "https://cdn.barbora.lv/products/a9a3b3cd-7366-4682-9bae-8f42c84fd3a0_s.png",
    "available": true,
    "discount": null
  },
  {
    "shop": "CITRO",
    "categories": [
      1,
      1001,
      1001004
    ],
    "productName": "DZ.VĪNS FREIXENET CAR.NEG.BRUT 12% 0.75L",
    "productPriceOld": null,
    "productPrice": null,
    "productPricePerUnit": {
      "value": 9.85,
      "unit": "€/L"
    },
    "productPriceWithLoyaltyCard": null,
    "productPricePerUnitWithLoyaltyCard": null,
    "imageUrl": "https://rezekne.citro.lv/wp-content/uploads/2022/10/8410036009090-arFonu-300x300.jpg",
    "available": true,
    "discount": null
  },
  {
    "shop": "MAXIMA",
    "categories": [
      2,
      20011
    ],
    "productName": "Smalkmaizīte Džema vītā 70g",
    "productPriceOld": null,
    "productPrice": {
      "value": 0.69,
      "unit": "€"
    },
    "productPricePerUnit": {
      "value": 9.86,
      "unit": "€/kg"
    },
    "productPriceWithLoyaltyCard": null,
    "productPricePerUnitWithLoyaltyCard": null,
    "imageUrl": "https://cdn.barbora.lv/products/99bd6542-b0c1-4765-88e7-0589de8a5499_s.png",
    "available": true,
    "discount": null
  },
  {
    "shop": "CITRO",
    "categories": [
      2,
      20010
    ],
    "productName": "PĪRĀDZIŅŠ BULJONA CITRO 70G",
    "productPriceOld": null,
    "productPrice": null,
    "productPricePerUnit": {
      "value": 9.86,
      "unit": "€/KG"
    },
    "productPriceWithLoyaltyCard": null,
    "productPricePerUnitWithLoyaltyCard": null,
    "imageUrl": "https://rezekne.citro.lv/wp-content/uploads/2022/02/01181-300x300.jpg",
    "available": true,
    "discount": null
  },
  {
    "shop": "MAXIMA",
    "categories": [
      2,
      2007
    ],
    "productName": "Kēksiņš ar biezpienu 80g",
    "productPriceOld": null,
    "productPrice": {
      "value": 0.79,
      "unit": "€"
    },
    "productPricePerUnit": {
      "value": 9.88,
      "unit": "€/kg"
    },
    "productPriceWithLoyaltyCard": null,
    "productPricePerUnitWithLoyaltyCard": null,
    "imageUrl": "https://cdn.barbora.lv/products/361d8346-71bf-4dd8-8dfd-4c14118d6147_s.png",
    "available": true,
    "discount": null
  },
  {
    "shop": "MAXIMA",
    "categories": [
      2,
      20011
    ],
    "productName": "Smalkmaizīte Ogu 90g",
    "productPriceOld": null,
    "productPrice": {
      "value": 0.89,
      "unit": "€"
    },
    "productPricePerUnit": {
      "value": 9.89,
      "unit": "€/kg"
    },
    "productPriceWithLoyaltyCard": null,
    "productPricePerUnitWithLoyaltyCard": null,
    "imageUrl": "https://cdn.barbora.lv/products/2aad1481-ea67-4ca4-823c-034304e0f4a8_s.png",
    "available": true,
    "discount": null
  },
  {
    "shop": "MAXIMA",
    "categories": [
      2,
      2005
    ],
    "productName": "Smalkmaizīte BIEZPIENA RAUSIS 90g",
    "productPriceOld": null,
    "productPrice": {
      "value": 0.89,
      "unit": "€"
    },
    "productPricePerUnit": {
      "value": 9.89,
      "unit": "€/kg"
    },
    "productPriceWithLoyaltyCard": null,
    "productPricePerUnitWithLoyaltyCard": null,
    "imageUrl": "https://cdn.barbora.lv/products/ac904e01-cefe-4c54-8795-e916a31c98fe_s.png",
    "available": true,
    "discount": null
  },
  {
    "shop": "RIMI",
    "categories": [
      2,
      2001,
      20010014
    ],
    "productName": "Sausmaizītes Rimi auzu 100gr",
    "productPriceOld": null,
    "productPrice": {
      "value": 0.99,
      "unit": "€/gab"
    },
    "productPricePerUnit": {
      "value": 9.9,
      "unit": "€/kg"
    },
    "productPriceWithLoyaltyCard": null,
    "productPricePerUnitWithLoyaltyCard": null,
    "imageUrl": "https://rimibaltic-res.cloudinary.com/image/upload/d_ecommerce:backend-fallback.png/MAT_808540_PCE_LV",
    "available": true,
    "discount": null
  },
  {
    "shop": "RIMI",
    "categories": [
      2,
      2001,
      20010015
    ],
    "productName": "Lavašs mini 120g",
    "productPriceOld": {
      "value": 1.49,
      "unit": "€"
    },
    "productPrice": {
      "value": 1.19,
      "unit": "€/gab"
    },
    "productPricePerUnit": {
      "value": 9.92,
      "unit": "€/kg"
    },
    "productPriceWithLoyaltyCard": null,
    "productPricePerUnitWithLoyaltyCard": null,
    "imageUrl": "https://rimibaltic-res.cloudinary.com/image/upload/d_ecommerce:backend-fallback.png/MAT_908776_PCE_LV",
    "available": true,
    "discount": 20
  },
  {
    "shop": "MAXIMA",
    "categories": [
      2,
      2001,
      20010015
    ],
    "productName": "Galetes Saules Graudi kukurūzas 120g",
    "productPriceOld": null,
    "productPrice": {
      "value": 1.19,
      "unit": "€"
    },
    "productPricePerUnit": {
      "value": 9.92,
      "unit": "€/kg"
    },
    "productPriceWithLoyaltyCard": null,
    "productPricePerUnitWithLoyaltyCard": null,
    "imageUrl": "https://cdn.barbora.lv/products/8671e648-754a-443f-8360-35218b67a9b4_s.png",
    "available": true,
    "discount": null
  },
  {
    "shop": "MAXIMA",
    "categories": [
      2,
      2001,
      2001008
    ],
    "productName": "Galetes Saules Graudi četrgraudu 120g",
    "productPriceOld": null,
    "productPrice": {
      "value": 1.19,
      "unit": "€"
    },
    "productPricePerUnit": {
      "value": 9.92,
      "unit": "€/kg"
    },
    "productPriceWithLoyaltyCard": null,
    "productPricePerUnitWithLoyaltyCard": null,
    "imageUrl": "https://cdn.barbora.lv/products/0914bfc5-0380-49c9-b7ae-bd0ed2478baa_s.png",
    "available": true,
    "discount": null
  },
  {
    "shop": "MAXIMA",
    "categories": [
      2,
      2001,
      20010015
    ],
    "productName": "Kukurūzas galetes FITOS Cheddar b/g 120g",
    "productPriceOld": {
      "value": 1.49,
      "unit": "€"
    },
    "productPrice": {
      "value": 1.19,
      "unit": "€"
    },
    "productPricePerUnit": {
      "value": 9.92,
      "unit": "€/kg"
    },
    "productPriceWithLoyaltyCard": null,
    "productPricePerUnitWithLoyaltyCard": null,
    "imageUrl": "https://cdn.barbora.lv/products/542586e3-b448-469b-817b-1504e285e7ec_s.png",
    "available": true,
    "discount": 20
  },
  {
    "shop": "MAXIMA",
    "categories": [
      2,
      2001,
      20010015
    ],
    "productName": "Kuk. galetes FITOS Sweet Chilli b/g 120g",
    "productPriceOld": {
      "value": 1.49,
      "unit": "€"
    },
    "productPrice": {
      "value": 1.19,
      "unit": "€"
    },
    "productPricePerUnit": {
      "value": 9.92,
      "unit": "€/kg"
    },
    "productPriceWithLoyaltyCard": null,
    "productPricePerUnitWithLoyaltyCard": null,
    "imageUrl": "https://cdn.barbora.lv/products/2bb31a89-a031-4e51-b788-4c640320b8b7_s.png",
    "available": true,
    "discount": 20
  },
  {
    "shop": "CITRO",
    "categories": [
      2,
      2001,
      20010015
    ],
    "productName": "GALETES RACIO KUKURŪZAS PLĀCENĪŠI AR JŪRAS SĀLI 115G",
    "productPriceOld": null,
    "productPrice": null,
    "productPricePerUnit": {
      "value": 9.92,
      "unit": "€/KG"
    },
    "productPriceWithLoyaltyCard": null,
    "productPricePerUnitWithLoyaltyCard": null,
    "imageUrl": "https://rezekne.citro.lv/wp-content/uploads/2020/04/8595573400194-262x300.jpg",
    "available": true,
    "discount": null
  },
  {
    "shop": "MAXIMA",
    "categories": [
      1,
      1001,
      1001003
    ],
    "productName": "Vīns ITALIA PINOT GRIGIO 12% 0,75L",
    "productPriceOld": null,
    "productPrice": {
      "value": 7.45,
      "unit": "€"
    },
    "productPricePerUnit": {
      "value": 9.93,
      "unit": "€/l"
    },
    "productPriceWithLoyaltyCard": null,
    "productPricePerUnitWithLoyaltyCard": null,
    "imageUrl": "https://cdn.barbora.lv/products/4d96991c-1439-4354-862e-42c881bb797c_s.png",
    "available": true,
    "discount": null
  },
  {
    "shop": "MAXIMA",
    "categories": [
      1,
      1001,
      1001003
    ],
    "productName": "Vīns ITALIA PRIMITIVO 13,5% 0,75L",
    "productPriceOld": null,
    "productPrice": {
      "value": 7.45,
      "unit": "€"
    },
    "productPricePerUnit": {
      "value": 9.93,
      "unit": "€/l"
    },
    "productPriceWithLoyaltyCard": null,
    "productPricePerUnitWithLoyaltyCard": null,
    "imageUrl": "https://cdn.barbora.lv/products/af1cfc89-b9d5-463e-bd13-6dd153412cdf_s.png",
    "available": true,
    "discount": null
  },
  {
    "shop": "MAXIMA",
    "categories": [
      1,
      1001,
      1001003
    ],
    "productName": "Vīns ITALIA MONTEPULCIANO 13% 0,75L",
    "productPriceOld": null,
    "productPrice": {
      "value": 7.45,
      "unit": "€"
    },
    "productPricePerUnit": {
      "value": 9.93,
      "unit": "€/l"
    },
    "productPriceWithLoyaltyCard": null,
    "productPricePerUnitWithLoyaltyCard": null,
    "imageUrl": "https://cdn.barbora.lv/products/fdce5fe1-f0d4-4ebd-9f02-027bd07d83c7_s.png",
    "available": true,
    "discount": null
  },
  {
    "shop": "MAXIMA",
    "categories": [
      2,
      2001,
      20010015
    ],
    "productName": "Mazo siera sausbaranciņu virtene 180g",
    "productPriceOld": null,
    "productPrice": {
      "value": 1.79,
      "unit": "€"
    },
    "productPricePerUnit": {
      "value": 9.94,
      "unit": "€/kg"
    },
    "productPriceWithLoyaltyCard": null,
    "productPricePerUnitWithLoyaltyCard": null,
    "imageUrl": "https://cdn.barbora.lv/products/092d09e5-dc34-4c92-bda2-4b323365cb16_s.png",
    "available": true,
    "discount": null
  },
  {
    "shop": "MAXIMA",
    "categories": [
      2,
      2001,
      20010015
    ],
    "productName": "Mazo sīpolu sausbaranciņu virtene 180g",
    "productPriceOld": null,
    "productPrice": {
      "value": 1.79,
      "unit": "€"
    },
    "productPricePerUnit": {
      "value": 9.94,
      "unit": "€/kg"
    },
    "productPriceWithLoyaltyCard": null,
    "productPricePerUnitWithLoyaltyCard": null,
    "imageUrl": "https://cdn.barbora.lv/products/abc5d243-4223-42ef-8494-1d27b69db3e3_s.png",
    "available": true,
    "discount": null
  },
  {
    "shop": "MAXIMA",
    "categories": [
      2,
      20010
    ],
    "productName": "Pīrādziņi ar gaļu atkausēts 200g",
    "productPriceOld": null,
    "productPrice": {
      "value": 1.99,
      "unit": "€"
    },
    "productPricePerUnit": {
      "value": 9.95,
      "unit": "€/kg"
    },
    "productPriceWithLoyaltyCard": null,
    "productPricePerUnitWithLoyaltyCard": null,
    "imageUrl": "https://cdn.barbora.lv/products/14cb3938-1ce9-4c59-8e6b-d468bbb88cba_s.png",
    "available": true,
    "discount": null
  },
  {
    "shop": "MAXIMA",
    "categories": [
      2,
      2001,
      20010011
    ],
    "productName": "Našķīši ar gaļu un  saulespuķu sēklām atkausēts 200g",
    "productPriceOld": null,
    "productPrice": {
      "value": 1.99,
      "unit": "€"
    },
    "productPricePerUnit": {
      "value": 9.95,
      "unit": "€/kg"
    },
    "productPriceWithLoyaltyCard": null,
    "productPricePerUnitWithLoyaltyCard": null,
    "imageUrl": "https://cdn.barbora.lv/products/88c99566-8637-43ce-be56-147daa7f0c5b_s.png",
    "available": true,
    "discount": null
  },
  {
    "shop": "RIMI",
    "categories": [
      2,
      2001,
      20010015
    ],
    "productName": "Barankas Maiznieks ar vaniļas garšu 280g",
    "productPriceOld": null,
    "productPrice": {
      "value": 2.79,
      "unit": "€/gab"
    },
    "productPricePerUnit": {
      "value": 9.96,
      "unit": "€/kg"
    },
    "productPriceWithLoyaltyCard": null,
    "productPricePerUnitWithLoyaltyCard": null,
    "imageUrl": "https://rimibaltic-res.cloudinary.com/image/upload/d_ecommerce:backend-fallback.png/MAT_996287_PCE_LV",
    "available": true,
    "discount": null
  },
  {
    "shop": "RIMI",
    "categories": [
      1,
      1002,
      10010020
    ],
    "productName": "Deser. smūt. Rimi Strawberry cheesecake 250ml",
    "productPriceOld": null,
    "productPrice": {
      "value": 2.49,
      "unit": "€/gab"
    },
    "productPricePerUnit": {
      "value": 9.96,
      "unit": "€/l"
    },
    "productPriceWithLoyaltyCard": null,
    "productPricePerUnitWithLoyaltyCard": null,
    "imageUrl": "https://rimibaltic-res.cloudinary.com/image/upload/d_ecommerce:backend-fallback.png/MAT_1375057_PCE_LV",
    "available": true,
    "discount": null
  },
  {
    "shop": "RIMI",
    "categories": [
      1,
      1002,
      10010020
    ],
    "productName": "Smūtijs Pina Colada 250ML",
    "productPriceOld": null,
    "productPrice": {
      "value": 2.49,
      "unit": "€/gab"
    },
    "productPricePerUnit": {
      "value": 9.96,
      "unit": "€/l"
    },
    "productPriceWithLoyaltyCard": null,
    "productPricePerUnitWithLoyaltyCard": null,
    "imageUrl": "https://rimibaltic-res.cloudinary.com/image/upload/d_ecommerce:backend-fallback.png/MAT_1358400_PCE_LV",
    "available": true,
    "discount": null
  },
  {
    "shop": "MAXIMA",
    "categories": [
      1,
      1002,
      10010020
    ],
    "productName": "Smūtijs anan.-kokosr.augļ.SUN365 250ml D",
    "productPriceOld": null,
    "productPrice": {
      "value": 2.49,
      "unit": "€"
    },
    "productPricePerUnit": {
      "value": 9.96,
      "unit": "€/l"
    },
    "productPriceWithLoyaltyCard": null,
    "productPricePerUnitWithLoyaltyCard": null,
    "imageUrl": "https://cdn.barbora.lv/products/6401ded8-c071-4f46-b0fa-a6d2c2528b4d_s.png",
    "available": true,
    "discount": null
  },
  {
    "shop": "RIMI",
    "categories": [
      1,
      1002,
      10010025
    ],
    "productName": "Sīrups Rimi aveņu 320ml",
    "productPriceOld": null,
    "productPrice": {
      "value": 3.19,
      "unit": "€/gab"
    },
    "productPricePerUnit": {
      "value": 9.97,
      "unit": "€/l"
    },
    "productPriceWithLoyaltyCard": null,
    "productPricePerUnitWithLoyaltyCard": null,
    "imageUrl": "https://rimibaltic-res.cloudinary.com/image/upload/d_ecommerce:backend-fallback.png/MAT_810095_PCE_LV",
    "available": true,
    "discount": null
  },
  {
    "shop": "RIMI",
    "categories": [
      1,
      1002,
      10010025
    ],
    "productName": "Sīrups Rimi ķiršu 320ml",
    "productPriceOld": null,
    "productPrice": {
      "value": 3.19,
      "unit": "€/gab"
    },
    "productPricePerUnit": {
      "value": 9.97,
      "unit": "€/l"
    },
    "productPriceWithLoyaltyCard": null,
    "productPricePerUnitWithLoyaltyCard": null,
    "imageUrl": "https://rimibaltic-res.cloudinary.com/image/upload/d_ecommerce:backend-fallback.png/MAT_810096_PCE_LV",
    "available": true,
    "discount": null
  },
  {
    "shop": "RIMI",
    "categories": [
      1,
      1002,
      10010025
    ],
    "productName": "Sīrups Rimi meža zemeņu 320ml",
    "productPriceOld": null,
    "productPrice": {
      "value": 3.19,
      "unit": "€/gab"
    },
    "productPricePerUnit": {
      "value": 9.97,
      "unit": "€/l"
    },
    "productPriceWithLoyaltyCard": null,
    "productPricePerUnitWithLoyaltyCard": null,
    "imageUrl": "https://rimibaltic-res.cloudinary.com/image/upload/d_ecommerce:backend-fallback.png/MAT_810091_PCE_LV",
    "available": true,
    "discount": null
  },
  {
    "shop": "RIMI",
    "categories": [
      1,
      1001,
      1001001
    ],
    "productName": "Alus Malduguns Sānslīde 6,5% 440ml",
    "productPriceOld": null,
    "productPrice": {
      "value": 3.99,
      "unit": "€/gab"
    },
    "productPricePerUnit": {
      "value": 9.97,
      "unit": "€/l"
    },
    "productPriceWithLoyaltyCard": null,
    "productPricePerUnitWithLoyaltyCard": null,
    "imageUrl": "https://rimibaltic-res.cloudinary.com/image/upload/d_ecommerce:backend-fallback.png/MAT_1375170_PCE_LV",
    "available": true,
    "discount": null
  },
  {
    "shop": "MAXIMA",
    "categories": [
      2,
      2001,
      20010015
    ],
    "productName": "Maizes standziņas MARIO ar sieru 360g",
    "productPriceOld": null,
    "productPrice": {
      "value": 3.59,
      "unit": "€"
    },
    "productPricePerUnit": {
      "value": 9.97,
      "unit": "€/kg"
    },
    "productPriceWithLoyaltyCard": null,
    "productPricePerUnitWithLoyaltyCard": null,
    "imageUrl": "https://cdn.barbora.lv/products/f8f95ab2-305c-4a45-97e0-735af97a38e4_s.png",
    "available": true,
    "discount": null
  },
  {
    "shop": "RIMI",
    "categories": [
      2,
      2002
    ],
    "productName": "Torte biezpiena Smiltene ar ķiršiem 500g",
    "productPriceOld": null,
    "productPrice": {
      "value": 4.99,
      "unit": "€/gab"
    },
    "productPricePerUnit": {
      "value": 9.98,
      "unit": "€/kg"
    },
    "productPriceWithLoyaltyCard": null,
    "productPricePerUnitWithLoyaltyCard": null,
    "imageUrl": "https://rimibaltic-res.cloudinary.com/image/upload/d_ecommerce:backend-fallback.png/MAT_904725_PCE_LV",
    "available": true,
    "discount": null
  },
  {
    "shop": "RIMI",
    "categories": [
      2,
      2002
    ],
    "productName": "Torte biezpiena  Smiltene ar mellenēm 500g",
    "productPriceOld": null,
    "productPrice": {
      "value": 4.99,
      "unit": "€/gab"
    },
    "productPricePerUnit": {
      "value": 9.98,
      "unit": "€/kg"
    },
    "productPriceWithLoyaltyCard": null,
    "productPricePerUnitWithLoyaltyCard": null,
    "imageUrl": "https://rimibaltic-res.cloudinary.com/image/upload/d_ecommerce:backend-fallback.png/MAT_299008_PCE_LV",
    "available": true,
    "discount": null
  },
  {
    "shop": "RIMI",
    "categories": [
      2,
      2007
    ],
    "productName": "Kekss Dabas maize dzērveņu 600g",
    "productPriceOld": null,
    "productPrice": {
      "value": 5.99,
      "unit": "€/gab"
    },
    "productPricePerUnit": {
      "value": 9.98,
      "unit": "€/kg"
    },
    "productPriceWithLoyaltyCard": null,
    "productPricePerUnitWithLoyaltyCard": null,
    "imageUrl": "https://rimibaltic-res.cloudinary.com/image/upload/d_ecommerce:backend-fallback.png/MAT_957622_PCE_LV",
    "available": true,
    "discount": null
  },
  {
    "shop": "RIMI",
    "categories": [
      2,
      2007
    ],
    "productName": "Kekss Dabas maize sukāžu 600g",
    "productPriceOld": null,
    "productPrice": {
      "value": 5.99,
      "unit": "€/gab"
    },
    "productPricePerUnit": {
      "value": 9.98,
      "unit": "€/kg"
    },
    "productPriceWithLoyaltyCard": null,
    "productPricePerUnitWithLoyaltyCard": null,
    "imageUrl": "https://rimibaltic-res.cloudinary.com/image/upload/d_ecommerce:backend-fallback.png/MAT_957623_PCE_LV",
    "available": true,
    "discount": null
  },
  {
    "shop": "RIMI",
    "categories": [
      1,
      1002,
      10010025
    ],
    "productName": "Sīrups Teisseire Cherry Cola ar saldin. 0,6l",
    "productPriceOld": null,
    "productPrice": {
      "value": 5.99,
      "unit": "€/gab"
    },
    "productPricePerUnit": {
      "value": 9.98,
      "unit": "€/l"
    },
    "productPriceWithLoyaltyCard": null,
    "productPricePerUnitWithLoyaltyCard": null,
    "imageUrl": "https://rimibaltic-res.cloudinary.com/image/upload/d_ecommerce:backend-fallback.png/MAT_1018559_PCE_LV",
    "available": true,
    "discount": null
  },
  {
    "shop": "RIMI",
    "categories": [
      1,
      1002,
      10010025
    ],
    "productName": "Sīrups ar Grenadīna garšu, ar sald. 600ml",
    "productPriceOld": null,
    "productPrice": {
      "value": 5.99,
      "unit": "€/gab"
    },
    "productPricePerUnit": {
      "value": 9.98,
      "unit": "€/l"
    },
    "productPriceWithLoyaltyCard": null,
    "productPricePerUnitWithLoyaltyCard": null,
    "imageUrl": "https://rimibaltic-res.cloudinary.com/image/upload/d_ecommerce:backend-fallback.png/MAT_1015572_PCE_LV",
    "available": true,
    "discount": null
  },
  {
    "shop": "RIMI",
    "categories": [
      1,
      1001,
      10010013
    ],
    "productName": "Liķieris Summer Garden Cherry 16% 0,5l",
    "productPriceOld": null,
    "productPrice": {
      "value": 5.85,
      "unit": "€/gab"
    },
    "productPricePerUnit": {
      "value": 11.7,
      "unit": "€/l"
    },
    "productPriceWithLoyaltyCard": {
      "value": 4.99,
      "unit": "€"
    },
    "productPricePerUnitWithLoyaltyCard": {
      "value": 9.98,
      "unit": "€/l"
    },
    "imageUrl": "https://rimibaltic-res.cloudinary.com/image/upload/d_ecommerce:backend-fallback.png/MAT_7064882_PCE_LV",
    "available": true,
    "discount": 15
  },
  {
    "shop": "RIMI",
    "categories": [
      1,
      1001,
      1001002
    ],
    "productName": "Sidrs Henry Westons Vintage 8,2% 0,5l",
    "productPriceOld": null,
    "productPrice": {
      "value": 4.99,
      "unit": "€/gab"
    },
    "productPricePerUnit": {
      "value": 9.98,
      "unit": "€/l"
    },
    "productPriceWithLoyaltyCard": null,
    "productPricePerUnitWithLoyaltyCard": null,
    "imageUrl": "https://rimibaltic-res.cloudinary.com/image/upload/d_ecommerce:backend-fallback.png/MAT_1353757_PCE_LV",
    "available": true,
    "discount": null
  },
  {
    "shop": "RIMI",
    "categories": [
      1,
      1001,
      1001002
    ],
    "productName": "Sidrs Henry Westons Vintage 8,2% 0,5l",
    "productPriceOld": null,
    "productPrice": {
      "value": 4.99,
      "unit": "€/gab"
    },
    "productPricePerUnit": {
      "value": 9.98,
      "unit": "€/l"
    },
    "productPriceWithLoyaltyCard": null,
    "productPricePerUnitWithLoyaltyCard": null,
    "imageUrl": "https://rimibaltic-res.cloudinary.com/image/upload/d_ecommerce:backend-fallback.png/MAT_1353757_PCE_LV",
    "available": true,
    "discount": null
  },
  {
    "shop": "MAXIMA",
    "categories": [
      1,
      1001,
      1001002
    ],
    "productName": "Sidrs HENRY WESTONS Reserve 8,2% 500ml D",
    "productPriceOld": null,
    "productPrice": {
      "value": 4.99,
      "unit": "€"
    },
    "productPricePerUnit": {
      "value": 9.98,
      "unit": "€/l"
    },
    "productPriceWithLoyaltyCard": null,
    "productPricePerUnitWithLoyaltyCard": null,
    "imageUrl": "https://cdn.barbora.lv/products/8a0b9915-938f-438c-b71f-8ef3584983b1_s.png",
    "available": true,
    "discount": null
  },
  {
    "shop": "RIMI",
    "categories": [
      2,
      2003
    ],
    "productName": "Biezpiena cepumi kg",
    "productPriceOld": null,
    "productPrice": {
      "value": 9.99,
      "unit": "€/kg"
    },
    "productPricePerUnit": {
      "value": 9.99,
      "unit": "€/kg"
    },
    "productPriceWithLoyaltyCard": null,
    "productPricePerUnitWithLoyaltyCard": null,
    "imageUrl": "https://rimibaltic-res.cloudinary.com/image/upload/d_ecommerce:backend-fallback.png/MAT_929575_KGM_LV",
    "available": true,
    "discount": null
  },
  {
    "shop": "RIMI",
    "categories": [
      2,
      20010
    ],
    "productName": "Pīrādziņi ekskluzīvie atlaidināti kg",
    "productPriceOld": null,
    "productPrice": {
      "value": 9.99,
      "unit": "€/kg"
    },
    "productPricePerUnit": {
      "value": 9.99,
      "unit": "€/kg"
    },
    "productPriceWithLoyaltyCard": null,
    "productPricePerUnitWithLoyaltyCard": null,
    "imageUrl": "https://rimibaltic-res.cloudinary.com/image/upload/d_ecommerce:backend-fallback.png/MAT_232880_KGM_LV",
    "available": true,
    "discount": null
  },
  {
    "shop": "RIMI",
    "categories": [
      2,
      2002
    ],
    "productName": "Torte Lote siera krēma 1,1kg",
    "productPriceOld": null,
    "productPrice": {
      "value": 10.99,
      "unit": "€/gab"
    },
    "productPricePerUnit": {
      "value": 9.99,
      "unit": "€/kg"
    },
    "productPriceWithLoyaltyCard": null,
    "productPricePerUnitWithLoyaltyCard": null,
    "imageUrl": "https://rimibaltic-res.cloudinary.com/image/upload/d_ecommerce:backend-fallback.png/MAT_296402_PCE_LV",
    "available": true,
    "discount": null
  },
  {
    "shop": "MAXIMA",
    "categories": [
      1,
      1001,
      1001003
    ],
    "productName": "Vīns ARDUINI Nero D'Avola DOC 13% 0,75L",
    "productPriceOld": null,
    "productPrice": {
      "value": 7.49,
      "unit": "€"
    },
    "productPricePerUnit": {
      "value": 9.99,
      "unit": "€/l"
    },
    "productPriceWithLoyaltyCard": null,
    "productPricePerUnitWithLoyaltyCard": null,
    "imageUrl": "https://cdn.barbora.lv/products/0b125007-0ba3-4da2-bade-131396f079e5_s.png",
    "available": true,
    "discount": null
  },
  {
    "shop": "MAXIMA",
    "categories": [
      1,
      1001,
      1001003
    ],
    "productName": "Vīns ARDUINI Pinot Grigio DOC 12% 0,75L",
    "productPriceOld": null,
    "productPrice": {
      "value": 7.49,
      "unit": "€"
    },
    "productPricePerUnit": {
      "value": 9.99,
      "unit": "€/l"
    },
    "productPriceWithLoyaltyCard": null,
    "productPricePerUnitWithLoyaltyCard": null,
    "imageUrl": "https://cdn.barbora.lv/products/89ee23df-6ff5-4989-94cc-e09f09832917_s.png",
    "available": true,
    "discount": null
  },
  {
    "shop": "MAXIMA",
    "categories": [
      1,
      1001,
      1001003
    ],
    "productName": "Vīns ST.STEPHAN TOKAJI FURMINT 12% 0,75L",
    "productPriceOld": null,
    "productPrice": {
      "value": 7.49,
      "unit": "€"
    },
    "productPricePerUnit": {
      "value": 9.99,
      "unit": "€/l"
    },
    "productPriceWithLoyaltyCard": null,
    "productPricePerUnitWithLoyaltyCard": null,
    "imageUrl": "https://cdn.barbora.lv/products/38b8ab8c-911c-4acb-96ff-042475b63830_s.png",
    "available": true,
    "discount": null
  },
  {
    "shop": "MAXIMA",
    "categories": [
      2,
      2001,
      20010014
    ],
    "productName": "Mini maizītes ar melleņu pildījumu MEISTARA MARKA kg",
    "productPriceOld": null,
    "productPrice": {
      "value": 9.99,
      "unit": "€"
    },
    "productPricePerUnit": {
      "value": 9.99,
      "unit": "€/kg"
    },
    "productPriceWithLoyaltyCard": null,
    "productPricePerUnitWithLoyaltyCard": null,
    "imageUrl": "https://cdn.barbora.lv/products/5ff4b8ab-62c2-4706-a419-5f0006b4bd62_s.png",
    "available": true,
    "discount": null
  },
  {
    "shop": "MAXIMA",
    "categories": [
      2,
      2002
    ],
    "productName": "Torte biezpiena Brūklenīte 1,1kg",
    "productPriceOld": null,
    "productPrice": {
      "value": 10.99,
      "unit": "€"
    },
    "productPricePerUnit": {
      "value": 9.99,
      "unit": "€/kg"
    },
    "productPriceWithLoyaltyCard": null,
    "productPricePerUnitWithLoyaltyCard": null,
    "imageUrl": "https://cdn.barbora.lv/products/f4b3c354-48da-45a1-b573-5a7e55185e18_s.png",
    "available": true,
    "discount": null
  },
  {
    "shop": "MAXIMA",
    "categories": [
      2,
      2002
    ],
    "productName": "Torte Karameļu Brīze MEISTARA MARKA kg",
    "productPriceOld": {
      "value": 11.99,
      "unit": "€"
    },
    "productPrice": {
      "value": 9.99,
      "unit": "€"
    },
    "productPricePerUnit": {
      "value": 9.99,
      "unit": "€/kg"
    },
    "productPriceWithLoyaltyCard": null,
    "productPricePerUnitWithLoyaltyCard": null,
    "imageUrl": "https://cdn.barbora.lv/products/3c869838-69d0-413a-a096-801ec7dcece7_s.png",
    "available": true,
    "discount": 17
  },
  {
    "shop": "CITRO",
    "categories": [
      1,
      1001,
      1001003
    ],
    "productName": "VĪNS B. CODICI FIANO PUGLIA IGT 12% 0.75L SAUSS",
    "productPriceOld": {
      "value": 8.69,
      "unit": "€"
    },
    "productPrice": {
      "value": 7.49,
      "unit": "€"
    },
    "productPricePerUnit": {
      "value": 9.99,
      "unit": "€/L"
    },
    "productPriceWithLoyaltyCard": null,
    "productPricePerUnitWithLoyaltyCard": null,
    "imageUrl": "https://rezekne.citro.lv/wp-content/uploads/2020/08/8055684024790-300x300.jpg",
    "available": true,
    "discount": 14
  },
  {
    "shop": "CITRO",
    "categories": [
      1,
      1001,
      1001004
    ],
    "productName": "DZ. VĪNS LA GIOIOSA BRUT AUREA BLANC DE BLANC 11.5% 0.75L",
    "productPriceOld": {
      "value": 8.99,
      "unit": "€"
    },
    "productPrice": {
      "value": 7.49,
      "unit": "€"
    },
    "productPricePerUnit": {
      "value": 9.99,
      "unit": "€/L"
    },
    "productPriceWithLoyaltyCard": null,
    "productPricePerUnitWithLoyaltyCard": null,
    "imageUrl": "https://rezekne.citro.lv/wp-content/uploads/2024/10/8006805361027-300x300.jpg",
    "available": true,
    "discount": 17
  },
  {
    "shop": "CITRO",
    "categories": [
      1,
      1001,
      1001003
    ],
    "productName": "VĪNS S. LAS MORAS MALBEC ARGENTINA 13.5% 0.75L",
    "productPriceOld": null,
    "productPrice": null,
    "productPricePerUnit": {
      "value": 9.99,
      "unit": "€/L"
    },
    "productPriceWithLoyaltyCard": null,
    "productPricePerUnitWithLoyaltyCard": null,
    "imageUrl": "https://rezekne.citro.lv/wp-content/uploads/2020/12/7791540127168-300x300.jpg",
    "available": true,
    "discount": null
  },
  {
    "shop": "CITRO",
    "categories": [
      1,
      1001,
      1001003
    ],
    "productName": "VĪNS B. LAS MORAS SHARDONNAY 13.5% 0.75L",
    "productPriceOld": null,
    "productPrice": null,
    "productPricePerUnit": {
      "value": 9.99,
      "unit": "€/L"
    },
    "productPriceWithLoyaltyCard": null,
    "productPricePerUnitWithLoyaltyCard": null,
    "imageUrl": "https://rezekne.citro.lv/wp-content/uploads/2020/12/7791540127090-300x300.jpg",
    "available": true,
    "discount": null
  },
  {
    "shop": "RIMI",
    "categories": [
      2,
      2008
    ],
    "productName": "Virtulis Mantinga ar ķiršu pildījumu atk. 65g",
    "productPriceOld": null,
    "productPrice": {
      "value": 0.65,
      "unit": "€/gab"
    },
    "productPricePerUnit": {
      "value": 10,
      "unit": "€/kg"
    },
    "productPriceWithLoyaltyCard": null,
    "productPricePerUnitWithLoyaltyCard": null,
    "imageUrl": "https://rimibaltic-res.cloudinary.com/image/upload/d_ecommerce:backend-fallback.png/MAT_4001818_PCE_LV",
    "available": true,
    "discount": null
  },
  {
    "shop": "MAXIMA",
    "categories": [
      2,
      2008
    ],
    "productName": "Virtulis ar ķiršu pildījumu atkausēts 65g",
    "productPriceOld": null,
    "productPrice": {
      "value": 0.65,
      "unit": "€"
    },
    "productPricePerUnit": {
      "value": 10,
      "unit": "€/kg"
    },
    "productPriceWithLoyaltyCard": null,
    "productPricePerUnitWithLoyaltyCard": null,
    "imageUrl": "https://cdn.barbora.lv/products/790a843d-64ca-4f94-a385-c13b7c35b55d_s.png",
    "available": true,
    "discount": null
  },
  {
    "shop": "MAXIMA",
    "categories": [
      2,
      2001,
      20010014
    ],
    "productName": "Rīsu maizītes ar sezama sēklam 75g",
    "productPriceOld": null,
    "productPrice": {
      "value": 0.75,
      "unit": "€"
    },
    "productPricePerUnit": {
      "value": 10,
      "unit": "€/kg"
    },
    "productPriceWithLoyaltyCard": null,
    "productPricePerUnitWithLoyaltyCard": null,
    "imageUrl": "https://cdn.barbora.lv/products/82d2e8cd-ee56-4458-a843-7096a49c494e_s.png",
    "available": true,
    "discount": null
  },
  {
    "shop": "CITRO",
    "categories": [
      2,
      2001,
      20010015
    ],
    "productName": "SAUSIŅI FLINT BEKONA 35G",
    "productPriceOld": null,
    "productPrice": null,
    "productPricePerUnit": {
      "value": 10,
      "unit": "€/KG"
    },
    "productPriceWithLoyaltyCard": null,
    "productPricePerUnitWithLoyaltyCard": null,
    "imageUrl": "https://rezekne.citro.lv/wp-content/uploads/2020/12/4820182742897-e1587464280941-300x233.jpg",
    "available": true,
    "discount": null
  },
  {
    "shop": "CITRO",
    "categories": [
      2,
      2001,
      20010015
    ],
    "productName": "SAUSIŅI FLINT AR KRĒJUMS, ZAĻUMI 35G",
    "productPriceOld": null,
    "productPrice": null,
    "productPricePerUnit": {
      "value": 10,
      "unit": "€/KG"
    },
    "productPriceWithLoyaltyCard": null,
    "productPricePerUnitWithLoyaltyCard": null,
    "imageUrl": "https://rezekne.citro.lv/wp-content/uploads/2020/12/4820182742880-1-300x300.jpg",
    "available": true,
    "discount": null
  },
  {
    "shop": "MAXIMA",
    "categories": [
      1,
      1001,
      1001003
    ],
    "productName": "Vīns GRASPOROSSA LAMBRUSCO 8% 0,75L",
    "productPriceOld": null,
    "productPrice": {
      "value": 7.56,
      "unit": "€"
    },
    "productPricePerUnit": {
      "value": 10.08,
      "unit": "€/l"
    },
    "productPriceWithLoyaltyCard": null,
    "productPricePerUnitWithLoyaltyCard": null,
    "imageUrl": "https://cdn.barbora.lv/products/1a744747-566b-437e-9a04-178836ae18ce_s.png",
    "available": true,
    "discount": null
  },
  {
    "shop": "RIMI",
    "categories": [
      1,
      1003,
      1003003
    ],
    "productName": "Bezalk. dz. baltais vīns Freixenet 0,75l",
    "productPriceOld": null,
    "productPrice": {
      "value": 7.59,
      "unit": "€/gab"
    },
    "productPricePerUnit": {
      "value": 10.12,
      "unit": "€/l"
    },
    "productPriceWithLoyaltyCard": null,
    "productPricePerUnitWithLoyaltyCard": null,
    "imageUrl": "https://rimibaltic-res.cloudinary.com/image/upload/d_ecommerce:backend-fallback.png/MAT_7042957_PCE_LV",
    "available": true,
    "discount": null
  },
  {
    "shop": "RIMI",
    "categories": [
      1,
      1003,
      1003003
    ],
    "productName": "Bezalkoholisks sarkanvīns Blue Nun 0% 0,75l",
    "productPriceOld": null,
    "productPrice": {
      "value": 7.59,
      "unit": "€/gab"
    },
    "productPricePerUnit": {
      "value": 10.12,
      "unit": "€/l"
    },
    "productPriceWithLoyaltyCard": null,
    "productPricePerUnitWithLoyaltyCard": null,
    "imageUrl": "https://rimibaltic-res.cloudinary.com/image/upload/d_ecommerce:backend-fallback.png/MAT_1356002_PCE_LV",
    "available": true,
    "discount": null
  },
  {
    "shop": "RIMI",
    "categories": [
      1,
      1003,
      1003003
    ],
    "productName": "B.v. Blue Nun bezalkoholisks 0% 0,75l",
    "productPriceOld": null,
    "productPrice": {
      "value": 7.59,
      "unit": "€/gab"
    },
    "productPricePerUnit": {
      "value": 10.12,
      "unit": "€/l"
    },
    "productPriceWithLoyaltyCard": null,
    "productPricePerUnitWithLoyaltyCard": null,
    "imageUrl": "https://rimibaltic-res.cloudinary.com/image/upload/d_ecommerce:backend-fallback.png/MAT_1356001_PCE_LV",
    "available": true,
    "discount": null
  },
  {
    "shop": "RIMI",
    "categories": [
      1,
      1001,
      1001004
    ],
    "productName": "Dz.v. Zonin Pros.Cuvee 1821 11% 0,75l",
    "productPriceOld": null,
    "productPrice": {
      "value": 11.75,
      "unit": "€/gab"
    },
    "productPricePerUnit": {
      "value": 15.67,
      "unit": "€/l"
    },
    "productPriceWithLoyaltyCard": {
      "value": 7.59,
      "unit": "€"
    },
    "productPricePerUnitWithLoyaltyCard": {
      "value": 10.12,
      "unit": "€/l"
    },
    "imageUrl": "https://rimibaltic-res.cloudinary.com/image/upload/d_ecommerce:backend-fallback.png/MAT_7029873_PCE_LV",
    "available": true,
    "discount": 35
  },
  {
    "shop": "RIMI",
    "categories": [
      1,
      1001,
      1001003
    ],
    "productName": "B.v.Maori Bay Sauvignon Blanc 12,5%0,75l",
    "productPriceOld": null,
    "productPrice": {
      "value": 14.45,
      "unit": "€/gab"
    },
    "productPricePerUnit": {
      "value": 19.27,
      "unit": "€/l"
    },
    "productPriceWithLoyaltyCard": {
      "value": 7.59,
      "unit": "€"
    },
    "productPricePerUnitWithLoyaltyCard": {
      "value": 10.12,
      "unit": "€/l"
    },
    "imageUrl": "https://rimibaltic-res.cloudinary.com/image/upload/d_ecommerce:backend-fallback.png/MAT_7020109_PCE_LV",
    "available": true,
    "discount": 47
  },
  {
    "shop": "RIMI",
    "categories": [
      1,
      1001,
      1001003
    ],
    "productName": "S.v. Le Grand Pinot Noir 12.5% 0.75l",
    "productPriceOld": null,
    "productPrice": {
      "value": 10.79,
      "unit": "€/gab"
    },
    "productPricePerUnit": {
      "value": 14.39,
      "unit": "€/l"
    },
    "productPriceWithLoyaltyCard": {
      "value": 7.59,
      "unit": "€"
    },
    "productPricePerUnitWithLoyaltyCard": {
      "value": 10.12,
      "unit": "€/l"
    },
    "imageUrl": "https://rimibaltic-res.cloudinary.com/image/upload/d_ecommerce:backend-fallback.png/MAT_7065592_PCE_LV",
    "available": true,
    "discount": 30
  },
  {
    "shop": "RIMI",
    "categories": [
      1,
      1001,
      1001003
    ],
    "productName": "R.v. Gallo White Zinfandel 8,5% 0,75l",
    "productPriceOld": null,
    "productPrice": {
      "value": 9.79,
      "unit": "€/gab"
    },
    "productPricePerUnit": {
      "value": 13.05,
      "unit": "€/l"
    },
    "productPriceWithLoyaltyCard": {
      "value": 7.59,
      "unit": "€"
    },
    "productPricePerUnitWithLoyaltyCard": {
      "value": 10.12,
      "unit": "€/l"
    },
    "imageUrl": "https://rimibaltic-res.cloudinary.com/image/upload/d_ecommerce:backend-fallback.png/MAT_104505_PCE_LV",
    "available": true,
    "discount": 22
  },
  {
    "shop": "RIMI",
    "categories": [
      1,
      1001,
      1001003
    ],
    "productName": "S.v. Le Grand Noir Malbec 13% 0,75",
    "productPriceOld": null,
    "productPrice": {
      "value": 10.79,
      "unit": "€/gab"
    },
    "productPricePerUnit": {
      "value": 14.39,
      "unit": "€/l"
    },
    "productPriceWithLoyaltyCard": {
      "value": 7.59,
      "unit": "€"
    },
    "productPricePerUnitWithLoyaltyCard": {
      "value": 10.12,
      "unit": "€/l"
    },
    "imageUrl": "https://rimibaltic-res.cloudinary.com/image/upload/d_ecommerce:backend-fallback.png/MAT_7065591_PCE_LV",
    "available": true,
    "discount": 30
  },
  {
    "shop": "RIMI",
    "categories": [
      1,
      1001,
      1001003
    ],
    "productName": "B.v. Le Grand Noir Viognier 13% 0,75l",
    "productPriceOld": null,
    "productPrice": {
      "value": 10.79,
      "unit": "€/gab"
    },
    "productPricePerUnit": {
      "value": 14.39,
      "unit": "€/l"
    },
    "productPriceWithLoyaltyCard": {
      "value": 7.59,
      "unit": "€"
    },
    "productPricePerUnitWithLoyaltyCard": {
      "value": 10.12,
      "unit": "€/l"
    },
    "imageUrl": "https://rimibaltic-res.cloudinary.com/image/upload/d_ecommerce:backend-fallback.png/MAT_7065594_PCE_LV",
    "available": true,
    "discount": 30
  },
  {
    "shop": "RIMI",
    "categories": [
      1,
      1001,
      1001003
    ],
    "productName": "B.v. Le Grand Noir Viognier 13% 0,75l",
    "productPriceOld": null,
    "productPrice": {
      "value": 10.79,
      "unit": "€/gab"
    },
    "productPricePerUnit": {
      "value": 14.39,
      "unit": "€/l"
    },
    "productPriceWithLoyaltyCard": {
      "value": 7.59,
      "unit": "€"
    },
    "productPricePerUnitWithLoyaltyCard": {
      "value": 10.12,
      "unit": "€/l"
    },
    "imageUrl": "https://rimibaltic-res.cloudinary.com/image/upload/d_ecommerce:backend-fallback.png/MAT_7065594_PCE_LV",
    "available": true,
    "discount": 30
  },
  {
    "shop": "MAXIMA",
    "categories": [
      1,
      1003,
      1003003
    ],
    "productName": "Dealk.vīns CARL JUNG Cab.Sauvign.0,75L D",
    "productPriceOld": null,
    "productPrice": {
      "value": 7.59,
      "unit": "€"
    },
    "productPricePerUnit": {
      "value": 10.12,
      "unit": "€/l"
    },
    "productPriceWithLoyaltyCard": null,
    "productPricePerUnitWithLoyaltyCard": null,
    "imageUrl": "https://cdn.barbora.lv/products/eb049121-710f-4895-b650-a5973b77e8c3_s.png",
    "available": true,
    "discount": null
  },
  {
    "shop": "MAXIMA",
    "categories": [
      1,
      1001,
      1001003
    ],
    "productName": "Vīns CASA CHARLIZE PRIMITIVO 13,5% 0,75L",
    "productPriceOld": {
      "value": 12.55,
      "unit": "€"
    },
    "productPrice": {
      "value": 12.55,
      "unit": "€"
    },
    "productPricePerUnit": {
      "value": 16.73,
      "unit": "€/l"
    },
    "productPriceWithLoyaltyCard": {
      "value": 7.59,
      "unit": "€"
    },
    "productPricePerUnitWithLoyaltyCard": {
      "value": 10.12,
      "unit": "€/l"
    },
    "imageUrl": "https://cdn.barbora.lv/products/11062bac-c6cc-4e5e-86a9-84ba6536f0d9_s.png",
    "available": true,
    "discount": 40
  },
  {
    "shop": "MAXIMA",
    "categories": [
      1,
      1001,
      1001003
    ],
    "productName": "Vīns DR.LOOSEN RIESLING 8,5% 0,75L",
    "productPriceOld": {
      "value": 11.61,
      "unit": "€"
    },
    "productPrice": {
      "value": 11.61,
      "unit": "€"
    },
    "productPricePerUnit": {
      "value": 15.48,
      "unit": "€/l"
    },
    "productPriceWithLoyaltyCard": {
      "value": 7.59,
      "unit": "€"
    },
    "productPricePerUnitWithLoyaltyCard": {
      "value": 10.12,
      "unit": "€/l"
    },
    "imageUrl": "https://cdn.barbora.lv/products/4800269e-2d84-4ad0-88f5-d401c8ce237a_s.png",
    "available": true,
    "discount": 35
  },
  {
    "shop": "MAXIMA",
    "categories": [
      1,
      1001,
      1001003
    ],
    "productName": "Vīns CASA CHARLIZE CUVEE F.T.R13,5%0,75L",
    "productPriceOld": {
      "value": 13.79,
      "unit": "€"
    },
    "productPrice": {
      "value": 13.79,
      "unit": "€"
    },
    "productPricePerUnit": {
      "value": 18.39,
      "unit": "€/l"
    },
    "productPriceWithLoyaltyCard": {
      "value": 7.59,
      "unit": "€"
    },
    "productPricePerUnitWithLoyaltyCard": {
      "value": 10.12,
      "unit": "€/l"
    },
    "imageUrl": "https://cdn.barbora.lv/products/dc944bfb-18be-455a-99a2-59b887c5cfd5_s.png",
    "available": true,
    "discount": 45
  },
  {
    "shop": "MAXIMA",
    "categories": [
      1,
      1001,
      1001003
    ],
    "productName": "Vīns PICCINI MEMORO 14% 0,75L",
    "productPriceOld": {
      "value": 10.7,
      "unit": "€"
    },
    "productPrice": {
      "value": 10.7,
      "unit": "€"
    },
    "productPricePerUnit": {
      "value": 14.27,
      "unit": "€/l"
    },
    "productPriceWithLoyaltyCard": {
      "value": 7.59,
      "unit": "€"
    },
    "productPricePerUnitWithLoyaltyCard": {
      "value": 10.12,
      "unit": "€/l"
    },
    "imageUrl": "https://cdn.barbora.lv/products/f7f9c02a-e424-4550-9537-ae6f9a9b96dd_s.png",
    "available": true,
    "discount": 29
  },
  {
    "shop": "MAXIMA",
    "categories": [
      1,
      1001,
      1001003
    ],
    "productName": "Vīns DR.LOOSEN RIESLING TROCKEN 12%0,75l",
    "productPriceOld": {
      "value": 11.61,
      "unit": "€"
    },
    "productPrice": {
      "value": 11.61,
      "unit": "€"
    },
    "productPricePerUnit": {
      "value": 15.48,
      "unit": "€/l"
    },
    "productPriceWithLoyaltyCard": {
      "value": 7.59,
      "unit": "€"
    },
    "productPricePerUnitWithLoyaltyCard": {
      "value": 10.12,
      "unit": "€/l"
    },
    "imageUrl": "https://cdn.barbora.lv/products/f7f65df1-e282-4999-8701-860eea2ac3df_s.png",
    "available": true,
    "discount": 35
  },
  {
    "shop": "MAXIMA",
    "categories": [
      1,
      1001,
      1001003
    ],
    "productName": "Dzirkstošais vīns J.P.CHENET Ice Edition 10,5% 0,75L",
    "productPriceOld": {
      "value": 9.97,
      "unit": "€"
    },
    "productPrice": {
      "value": 9.97,
      "unit": "€"
    },
    "productPricePerUnit": {
      "value": 13.29,
      "unit": "€/l"
    },
    "productPriceWithLoyaltyCard": {
      "value": 7.59,
      "unit": "€"
    },
    "productPricePerUnitWithLoyaltyCard": {
      "value": 10.12,
      "unit": "€/l"
    },
    "imageUrl": "https://cdn.barbora.lv/products/fef8d0e1-e5c7-487c-a630-e9d20b8cd81f_s.png",
    "available": true,
    "discount": 24
  },
  {
    "shop": "MAXIMA",
    "categories": [
      1,
      1001,
      1001004
    ],
    "productName": "Dz. vīns J.P.CHENET Ice Rose 11% 0,75L",
    "productPriceOld": {
      "value": 9.97,
      "unit": "€"
    },
    "productPrice": {
      "value": 9.97,
      "unit": "€"
    },
    "productPricePerUnit": {
      "value": 13.29,
      "unit": "€/l"
    },
    "productPriceWithLoyaltyCard": {
      "value": 7.59,
      "unit": "€"
    },
    "productPricePerUnitWithLoyaltyCard": {
      "value": 10.12,
      "unit": "€/l"
    },
    "imageUrl": "https://cdn.barbora.lv/products/554fb40b-1d82-4648-bde8-e8416bf5f8b9_s.png",
    "available": true,
    "discount": 24
  },
  {
    "shop": "RIMI",
    "categories": [
      2,
      2001,
      20010015
    ],
    "productName": "Grauzdiņi Krisprolls  bez cukura  225g",
    "productPriceOld": null,
    "productPrice": {
      "value": 2.29,
      "unit": "€/gab"
    },
    "productPricePerUnit": {
      "value": 10.18,
      "unit": "€/kg"
    },
    "productPriceWithLoyaltyCard": null,
    "productPricePerUnitWithLoyaltyCard": null,
    "imageUrl": "https://rimibaltic-res.cloudinary.com/image/upload/d_ecommerce:backend-fallback.png/MAT_293913_PCE_LV",
    "available": true,
    "discount": null
  },
  {
    "shop": "RIMI",
    "categories": [
      2,
      2001,
      2001008,
      2001001
    ],
    "productName": "Grauzdiņi Krisprolls pilngraudu 225g",
    "productPriceOld": null,
    "productPrice": {
      "value": 2.29,
      "unit": "€/gab"
    },
    "productPricePerUnit": {
      "value": 10.18,
      "unit": "€/kg"
    },
    "productPriceWithLoyaltyCard": null,
    "productPricePerUnitWithLoyaltyCard": null,
    "imageUrl": "https://rimibaltic-res.cloudinary.com/image/upload/d_ecommerce:backend-fallback.png/MAT_103459_PCE_LV",
    "available": true,
    "discount": null
  },
  {
    "shop": "MAXIMA",
    "categories": [
      2,
      2001,
      2001008,
      2001001
    ],
    "productName": "Sausmaizītes KRISPROLLS pilngraudu bez cukura 225g",
    "productPriceOld": null,
    "productPrice": {
      "value": 2.29,
      "unit": "€"
    },
    "productPricePerUnit": {
      "value": 10.18,
      "unit": "€/kg"
    },
    "productPriceWithLoyaltyCard": null,
    "productPricePerUnitWithLoyaltyCard": null,
    "imageUrl": "https://cdn.barbora.lv/products/b9ee4136-a9a2-4432-9a04-75a5aca1f334_s.png",
    "available": true,
    "discount": null
  },
  {
    "shop": "MAXIMA",
    "categories": [
      2,
      2001,
      2001008,
      2001001
    ],
    "productName": "Sausmaizītes KRISPROLLS pilngraudu 225g",
    "productPriceOld": null,
    "productPrice": {
      "value": 2.29,
      "unit": "€"
    },
    "productPricePerUnit": {
      "value": 10.18,
      "unit": "€/kg"
    },
    "productPriceWithLoyaltyCard": null,
    "productPricePerUnitWithLoyaltyCard": null,
    "imageUrl": "https://cdn.barbora.lv/products/4cab6d86-b747-414b-a8f7-decaa3ccb230_s.png",
    "available": true,
    "discount": null
  },
  {
    "shop": "MAXIMA",
    "categories": [
      2,
      2001,
      20010014
    ],
    "productName": "Sausmaizītes KRISPROLLS kviešu 225g",
    "productPriceOld": null,
    "productPrice": {
      "value": 2.29,
      "unit": "€"
    },
    "productPricePerUnit": {
      "value": 10.18,
      "unit": "€/kg"
    },
    "productPriceWithLoyaltyCard": null,
    "productPricePerUnitWithLoyaltyCard": null,
    "imageUrl": "https://cdn.barbora.lv/products/b5d2eb8d-7b0d-4406-9936-298046266a68_s.png",
    "available": true,
    "discount": null
  },
  {
    "shop": "RIMI",
    "categories": [
      1,
      1002,
      10010027
    ],
    "productName": "Dzēriens Öun Organic rabarberu-lavandas 250ml",
    "productPriceOld": null,
    "productPrice": {
      "value": 2.55,
      "unit": "€/gab"
    },
    "productPricePerUnit": {
      "value": 10.2,
      "unit": "€/l"
    },
    "productPriceWithLoyaltyCard": null,
    "productPricePerUnitWithLoyaltyCard": null,
    "imageUrl": "https://rimibaltic-res.cloudinary.com/image/upload/d_ecommerce:backend-fallback.png/MAT_1372014_PCE_LV",
    "available": true,
    "discount": null
  },
  {
    "shop": "RIMI",
    "categories": [
      1,
      1002,
      10010027
    ],
    "productName": "Dzēriens Öun Organic citronmelisas 250ml",
    "productPriceOld": null,
    "productPrice": {
      "value": 2.55,
      "unit": "€/gab"
    },
    "productPricePerUnit": {
      "value": 10.2,
      "unit": "€/l"
    },
    "productPriceWithLoyaltyCard": null,
    "productPricePerUnitWithLoyaltyCard": null,
    "imageUrl": "https://rimibaltic-res.cloudinary.com/image/upload/d_ecommerce:backend-fallback.png/MAT_1370600_PCE_LV",
    "available": true,
    "discount": null
  },
  {
    "shop": "RIMI",
    "categories": [
      1,
      1002,
      10010027
    ],
    "productName": "Dzēriens Öun Organic matcha-kardamona 250ml",
    "productPriceOld": null,
    "productPrice": {
      "value": 2.55,
      "unit": "€/gab"
    },
    "productPricePerUnit": {
      "value": 10.2,
      "unit": "€/l"
    },
    "productPriceWithLoyaltyCard": null,
    "productPricePerUnitWithLoyaltyCard": null,
    "imageUrl": "https://rimibaltic-res.cloudinary.com/image/upload/d_ecommerce:backend-fallback.png/MAT_1368467_PCE_LV",
    "available": true,
    "discount": null
  },
  {
    "shop": "RIMI",
    "categories": [
      1,
      1002,
      10010027
    ],
    "productName": "Dzēriens Öun Organic upeņu-kadiķu 250ml",
    "productPriceOld": null,
    "productPrice": {
      "value": 2.55,
      "unit": "€/gab"
    },
    "productPricePerUnit": {
      "value": 10.2,
      "unit": "€/l"
    },
    "productPriceWithLoyaltyCard": null,
    "productPricePerUnitWithLoyaltyCard": null,
    "imageUrl": "https://rimibaltic-res.cloudinary.com/image/upload/d_ecommerce:backend-fallback.png/MAT_1368468_PCE_LV",
    "available": true,
    "discount": null
  },
  {
    "shop": "MAXIMA",
    "categories": [
      2,
      2005
    ],
    "productName": "Kūka Napoleons PELLIJA 450g",
    "productPriceOld": null,
    "productPrice": {
      "value": 4.59,
      "unit": "€"
    },
    "productPricePerUnit": {
      "value": 10.2,
      "unit": "€/kg"
    },
    "productPriceWithLoyaltyCard": null,
    "productPricePerUnitWithLoyaltyCard": null,
    "imageUrl": "https://cdn.barbora.lv/products/975b825a-f13b-4e84-a5b6-ccaaa99abcb6_s.png",
    "available": true,
    "discount": null
  },
  {
    "shop": "MAXIMA",
    "categories": [
      1,
      1001,
      1001003
    ],
    "productName": "Stipr.augļu vīns AGDAM balts 19% 0,7L",
    "productPriceOld": null,
    "productPrice": {
      "value": 7.15,
      "unit": "€"
    },
    "productPricePerUnit": {
      "value": 10.21,
      "unit": "€/l"
    },
    "productPriceWithLoyaltyCard": null,
    "productPricePerUnitWithLoyaltyCard": null,
    "imageUrl": "https://cdn.barbora.lv/products/af373368-53eb-4575-a801-5546a7d183cd_s.png",
    "available": true,
    "discount": null
  },
  {
    "shop": "MAXIMA",
    "categories": [
      1,
      1001,
      1001003
    ],
    "productName": "Stipr.augļu vīns AGDAM sarkans 19% 0,7L",
    "productPriceOld": null,
    "productPrice": {
      "value": 7.15,
      "unit": "€"
    },
    "productPricePerUnit": {
      "value": 10.21,
      "unit": "€/l"
    },
    "productPriceWithLoyaltyCard": null,
    "productPricePerUnitWithLoyaltyCard": null,
    "imageUrl": "https://cdn.barbora.lv/products/cbae94c9-b896-49a4-a989-4353f01c45ce_s.png",
    "available": true,
    "discount": null
  },
  {
    "shop": "RIMI",
    "categories": [
      2,
      2001,
      20010015
    ],
    "productName": "Sausiņi Daugulis ar roz. un ananāsu gab. 230g",
    "productPriceOld": null,
    "productPrice": {
      "value": 2.35,
      "unit": "€/gab"
    },
    "productPricePerUnit": {
      "value": 10.22,
      "unit": "€/kg"
    },
    "productPriceWithLoyaltyCard": null,
    "productPricePerUnitWithLoyaltyCard": null,
    "imageUrl": "https://rimibaltic-res.cloudinary.com/image/upload/d_ecommerce:backend-fallback.png/MAT_995315_PCE_LV",
    "available": true,
    "discount": null
  },
  {
    "shop": "RIMI",
    "categories": [
      2,
      2001,
      20010015
    ],
    "productName": "Sausmaiz. Flint ar krējuma, zaļumu garšu 90g",
    "productPriceOld": null,
    "productPrice": {
      "value": 0.92,
      "unit": "€/gab"
    },
    "productPricePerUnit": {
      "value": 10.22,
      "unit": "€/kg"
    },
    "productPriceWithLoyaltyCard": null,
    "productPricePerUnitWithLoyaltyCard": null,
    "imageUrl": "https://rimibaltic-res.cloudinary.com/image/upload/d_ecommerce:backend-fallback.png/MAT_996226_PCE_LV",
    "available": true,
    "discount": null
  },
  {
    "shop": "MAXIMA",
    "categories": [
      2,
      2001,
      20010015
    ],
    "productName": "Sausiņi EKSTRA ar rozīnēm un ananāsu gabaliņiem 230g",
    "productPriceOld": null,
    "productPrice": {
      "value": 2.35,
      "unit": "€"
    },
    "productPricePerUnit": {
      "value": 10.22,
      "unit": "€/kg"
    },
    "productPriceWithLoyaltyCard": null,
    "productPricePerUnitWithLoyaltyCard": null,
    "imageUrl": "https://cdn.barbora.lv/products/f860af2a-7547-4ca8-84c1-8890153fff2e_s.png",
    "available": true,
    "discount": null
  },
  {
    "shop": "RIMI",
    "categories": [
      2,
      2001,
      2001008
    ],
    "productName": "Graudu sausmaizītes Finn Crisp 175g",
    "productPriceOld": null,
    "productPrice": {
      "value": 1.79,
      "unit": "€/gab"
    },
    "productPricePerUnit": {
      "value": 10.23,
      "unit": "€/kg"
    },
    "productPriceWithLoyaltyCard": null,
    "productPricePerUnitWithLoyaltyCard": null,
    "imageUrl": "https://rimibaltic-res.cloudinary.com/image/upload/d_ecommerce:backend-fallback.png/MAT_103131_PCE_LV",
    "available": true,
    "discount": null
  },
  {
    "shop": "RIMI",
    "categories": [
      1,
      1001,
      1001003
    ],
    "productName": "S.v. Montalto Nero d'Avola Appass. 14% 3l",
    "productPriceOld": null,
    "productPrice": {
      "value": 30.69,
      "unit": "€/gab"
    },
    "productPricePerUnit": {
      "value": 10.23,
      "unit": "€/l"
    },
    "productPriceWithLoyaltyCard": null,
    "productPricePerUnitWithLoyaltyCard": null,
    "imageUrl": "https://rimibaltic-res.cloudinary.com/image/upload/d_ecommerce:backend-fallback.png/MAT_7140060_PCE_LV",
    "available": true,
    "discount": null
  },
  {
    "shop": "MAXIMA",
    "categories": [
      1,
      1001,
      1001003
    ],
    "productName": "FRANZ HOFFNER RIESLING WEISSWEIN 10,5% 0,75L",
    "productPriceOld": null,
    "productPrice": {
      "value": 7.67,
      "unit": "€"
    },
    "productPricePerUnit": {
      "value": 10.23,
      "unit": "€/l"
    },
    "productPriceWithLoyaltyCard": null,
    "productPricePerUnitWithLoyaltyCard": null,
    "imageUrl": "https://cdn.barbora.lv/products/b999be97-90be-49e0-8656-6814d2115a98_s.png",
    "available": true,
    "discount": null
  },
  {
    "shop": "MAXIMA",
    "categories": [
      1,
      1001,
      1001003
    ],
    "productName": "Vīns BARONE MONT.Passiv.Ros.13,5% 3L BIB",
    "productPriceOld": null,
    "productPrice": {
      "value": 30.69,
      "unit": "€"
    },
    "productPricePerUnit": {
      "value": 10.23,
      "unit": "€/l"
    },
    "productPriceWithLoyaltyCard": null,
    "productPricePerUnitWithLoyaltyCard": null,
    "imageUrl": "https://cdn.barbora.lv/products/42024e1b-debb-4cf1-8eb0-de4753dddf2d_s.png",
    "available": true,
    "discount": null
  },
  {
    "shop": "RIMI",
    "categories": [
      1,
      1003,
      1003003
    ],
    "productName": "Bezalko. dzirks. vīns Bosca Toselli 0,75l",
    "productPriceOld": null,
    "productPrice": {
      "value": 7.69,
      "unit": "€/gab"
    },
    "productPricePerUnit": {
      "value": 10.25,
      "unit": "€/l"
    },
    "productPriceWithLoyaltyCard": null,
    "productPricePerUnitWithLoyaltyCard": null,
    "imageUrl": "https://rimibaltic-res.cloudinary.com/image/upload/d_ecommerce:backend-fallback.png/MAT_1357122_PCE_LV",
    "available": true,
    "discount": null
  },
  {
    "shop": "RIMI",
    "categories": [
      1,
      1001,
      1001003
    ],
    "productName": "B.v. St. Gabriel Riesling, sausais 12% 0,75l",
    "productPriceOld": null,
    "productPrice": {
      "value": 7.69,
      "unit": "€/gab"
    },
    "productPricePerUnit": {
      "value": 10.25,
      "unit": "€/l"
    },
    "productPriceWithLoyaltyCard": null,
    "productPricePerUnitWithLoyaltyCard": null,
    "imageUrl": "https://rimibaltic-res.cloudinary.com/image/upload/d_ecommerce:backend-fallback.png/MAT_7290195_PCE_LV",
    "available": true,
    "discount": null
  },
  {
    "shop": "RIMI",
    "categories": [
      1,
      1001,
      1001003
    ],
    "productName": "B.v. St. Gabriel Gewurztraminer 10% 0,75l",
    "productPriceOld": null,
    "productPrice": {
      "value": 7.69,
      "unit": "€/gab"
    },
    "productPricePerUnit": {
      "value": 10.25,
      "unit": "€/l"
    },
    "productPriceWithLoyaltyCard": null,
    "productPricePerUnitWithLoyaltyCard": null,
    "imageUrl": "https://rimibaltic-res.cloudinary.com/image/upload/d_ecommerce:backend-fallback.png/MAT_7247959_PCE_LV",
    "available": true,
    "discount": null
  },
  {
    "shop": "MAXIMA",
    "categories": [
      1,
      1001,
      1001002
    ],
    "productName": "Sidrs ABAVAS Pļavas 5% 0,75L D",
    "productPriceOld": null,
    "productPrice": {
      "value": 7.69,
      "unit": "€"
    },
    "productPricePerUnit": {
      "value": 10.25,
      "unit": "€/l"
    },
    "productPriceWithLoyaltyCard": null,
    "productPricePerUnitWithLoyaltyCard": null,
    "imageUrl": "https://cdn.barbora.lv/products/d9804398-3926-4d71-91e4-cbfd37a925d1_s.png",
    "available": true,
    "discount": null
  },
  {
    "shop": "MAXIMA",
    "categories": [
      1,
      1001,
      1001002
    ],
    "productName": "Sidrs ABAVAS Ziem.ābols ar gr.5% 0,75L D",
    "productPriceOld": null,
    "productPrice": {
      "value": 7.69,
      "unit": "€"
    },
    "productPricePerUnit": {
      "value": 10.25,
      "unit": "€/l"
    },
    "productPriceWithLoyaltyCard": null,
    "productPricePerUnitWithLoyaltyCard": null,
    "imageUrl": "https://cdn.barbora.lv/products/a11ec2e5-6f97-4ec1-804b-9acf6c89e927_s.png",
    "available": true,
    "discount": null
  },
  {
    "shop": "MAXIMA",
    "categories": [
      1,
      1001,
      1001003
    ],
    "productName": "Vīns SOLOURO VINHO VERDE 10% 0,75L",
    "productPriceOld": null,
    "productPrice": {
      "value": 7.69,
      "unit": "€"
    },
    "productPricePerUnit": {
      "value": 10.25,
      "unit": "€/l"
    },
    "productPriceWithLoyaltyCard": null,
    "productPricePerUnitWithLoyaltyCard": null,
    "imageUrl": "https://cdn.barbora.lv/products/dc74969d-c1fa-46a9-87b2-5aa19eb03ac0_s.png",
    "available": true,
    "discount": null
  },
  {
    "shop": "MAXIMA",
    "categories": [
      1,
      1001,
      1001003
    ],
    "productName": "Vīns Primavera Rose 11,5% 0,75L",
    "productPriceOld": null,
    "productPrice": {
      "value": 7.69,
      "unit": "€"
    },
    "productPricePerUnit": {
      "value": 10.25,
      "unit": "€/l"
    },
    "productPriceWithLoyaltyCard": null,
    "productPricePerUnitWithLoyaltyCard": null,
    "imageUrl": "https://cdn.barbora.lv/products/76a8b4be-91cd-4de5-9400-f6ef17d1041b_s.png",
    "available": true,
    "discount": null
  },
  {
    "shop": "MAXIMA",
    "categories": [
      1,
      1001,
      1001003
    ],
    "productName": "Vīns SANTA ANA CARACTER RED 13% 0,75L",
    "productPriceOld": null,
    "productPrice": {
      "value": 7.69,
      "unit": "€"
    },
    "productPricePerUnit": {
      "value": 10.25,
      "unit": "€/l"
    },
    "productPriceWithLoyaltyCard": null,
    "productPricePerUnitWithLoyaltyCard": null,
    "imageUrl": "https://cdn.barbora.lv/products/cd3527c8-83d7-4e9e-a7da-1912b72b2d95_s.png",
    "available": true,
    "discount": null
  },
  {
    "shop": "RIMI",
    "categories": [
      2,
      2005
    ],
    "productName": "Kūka Rimi zemeņu-jogurta 350g",
    "productPriceOld": null,
    "productPrice": {
      "value": 3.59,
      "unit": "€/gab"
    },
    "productPricePerUnit": {
      "value": 10.26,
      "unit": "€/kg"
    },
    "productPriceWithLoyaltyCard": null,
    "productPricePerUnitWithLoyaltyCard": null,
    "imageUrl": "https://rimibaltic-res.cloudinary.com/image/upload/d_ecommerce:backend-fallback.png/MAT_810060_PCE_LV",
    "available": true,
    "discount": null
  },
  {
    "shop": "MAXIMA",
    "categories": [
      2,
      2001,
      20010014
    ],
    "productName": "Sausmaizītes rīsu Mario 155g",
    "productPriceOld": {
      "value": 1.99,
      "unit": "€"
    },
    "productPrice": {
      "value": 1.99,
      "unit": "€"
    },
    "productPricePerUnit": {
      "value": 12.84,
      "unit": "€/kg"
    },
    "productPriceWithLoyaltyCard": {
      "value": 1.59,
      "unit": "€"
    },
    "productPricePerUnitWithLoyaltyCard": {
      "value": 10.26,
      "unit": "€/kg"
    },
    "imageUrl": "https://cdn.barbora.lv/products/5ef1be51-9ec6-4e59-86c7-4aaea37c2410_s.png",
    "available": true,
    "discount": 20
  },
  {
    "shop": "CITRO",
    "categories": [
      2,
      2001,
      2001004
    ],
    "productName": "SAUSMAIZĪTES MARIO RUDZU 155G",
    "productPriceOld": {
      "value": 1.99,
      "unit": "€"
    },
    "productPrice": {
      "value": 1.59,
      "unit": "€"
    },
    "productPricePerUnit": {
      "value": 10.26,
      "unit": "€/KG"
    },
    "productPriceWithLoyaltyCard": null,
    "productPricePerUnitWithLoyaltyCard": null,
    "imageUrl": "https://rezekne.citro.lv/wp-content/uploads/2020/07/4750163321417-300x300.jpg",
    "available": true,
    "discount": 20
  },
  {
    "shop": "RIMI",
    "categories": [
      1,
      1002,
      10010026
    ],
    "productName": "Kombuča dzīvības dzēriens marakujas BIO 330ml",
    "productPriceOld": null,
    "productPrice": {
      "value": 3.39,
      "unit": "€/gab"
    },
    "productPricePerUnit": {
      "value": 10.27,
      "unit": "€/l"
    },
    "productPriceWithLoyaltyCard": null,
    "productPricePerUnitWithLoyaltyCard": null,
    "imageUrl": "https://rimibaltic-res.cloudinary.com/image/upload/d_ecommerce:backend-fallback.png/MAT_195087_PCE_LV",
    "available": true,
    "discount": null
  },
  {
    "shop": "RIMI",
    "categories": [
      2,
      2001,
      20010010
    ],
    "productName": "Polārmaize Fazer auzu 180g",
    "productPriceOld": {
      "value": 2.49,
      "unit": "€"
    },
    "productPrice": {
      "value": 1.85,
      "unit": "€/gab"
    },
    "productPricePerUnit": {
      "value": 10.28,
      "unit": "€/kg"
    },
    "productPriceWithLoyaltyCard": null,
    "productPricePerUnitWithLoyaltyCard": null,
    "imageUrl": "https://rimibaltic-res.cloudinary.com/image/upload/d_ecommerce:backend-fallback.png/MAT_956931_PCE_LV",
    "available": true,
    "discount": 26
  },
  {
    "shop": "MAXIMA",
    "categories": [
      1,
      1001,
      1001003
    ],
    "productName": "Vīns FREEGOLD MOSCATEL ROSE 12% 0,75L",
    "productPriceOld": null,
    "productPrice": {
      "value": 7.71,
      "unit": "€"
    },
    "productPricePerUnit": {
      "value": 10.28,
      "unit": "€/l"
    },
    "productPriceWithLoyaltyCard": null,
    "productPricePerUnitWithLoyaltyCard": null,
    "imageUrl": "https://cdn.barbora.lv/products/03ec10b6-13d2-4f3c-9dc8-695a6de73540_s.png",
    "available": true,
    "discount": null
  },
  {
    "shop": "MAXIMA",
    "categories": [
      1,
      1001,
      1001003
    ],
    "productName": "Vīns HRONIKA VINODELA CAB.SAUV.12,5%1L",
    "productPriceOld": null,
    "productPrice": {
      "value": 10.28,
      "unit": "€"
    },
    "productPricePerUnit": {
      "value": 10.28,
      "unit": "€/l"
    },
    "productPriceWithLoyaltyCard": null,
    "productPricePerUnitWithLoyaltyCard": null,
    "imageUrl": "https://cdn.barbora.lv/products/b2f38f41-5701-4a07-af39-893d0117c8bd_s.png",
    "available": true,
    "discount": null
  },
  {
    "shop": "MAXIMA",
    "categories": [
      1,
      1001,
      1001003
    ],
    "productName": "Vīns FREEGOLD MOSCATEL 11% 0,75L",
    "productPriceOld": null,
    "productPrice": {
      "value": 7.71,
      "unit": "€"
    },
    "productPricePerUnit": {
      "value": 10.28,
      "unit": "€/l"
    },
    "productPriceWithLoyaltyCard": null,
    "productPricePerUnitWithLoyaltyCard": null,
    "imageUrl": "https://cdn.barbora.lv/products/a6232566-5189-4310-b6c9-de51c728253a_s.png",
    "available": true,
    "discount": null
  },
  {
    "shop": "MAXIMA",
    "categories": [
      1,
      1001,
      1001003
    ],
    "productName": "Vīns FREEGOLD TINTO 12% 0,75L",
    "productPriceOld": null,
    "productPrice": {
      "value": 7.71,
      "unit": "€"
    },
    "productPricePerUnit": {
      "value": 10.28,
      "unit": "€/l"
    },
    "productPriceWithLoyaltyCard": null,
    "productPricePerUnitWithLoyaltyCard": null,
    "imageUrl": "https://cdn.barbora.lv/products/ac54156f-9a2d-42a2-9ee6-af4db22705ef_s.png",
    "available": true,
    "discount": null
  },
  {
    "shop": "MAXIMA",
    "categories": [
      2,
      2001,
      2001009
    ],
    "productName": "Burgeru maize ar Durum un sezamu HM 320g",
    "productPriceOld": null,
    "productPrice": {
      "value": 3.29,
      "unit": "€"
    },
    "productPricePerUnit": {
      "value": 10.28,
      "unit": "€/kg"
    },
    "productPriceWithLoyaltyCard": null,
    "productPricePerUnitWithLoyaltyCard": null,
    "imageUrl": "https://cdn.barbora.lv/products/8677b2a7-8378-48e9-9990-89ed4963d99a_s.png",
    "available": true,
    "discount": null
  },
  {
    "shop": "CITRO",
    "categories": [
      2,
      2001,
      20010010
    ],
    "productName": "POLĀRMAIZE STREET FOOD AUZU 180G FAZER",
    "productPriceOld": {
      "value": 2.15,
      "unit": "€"
    },
    "productPrice": {
      "value": 1.85,
      "unit": "€"
    },
    "productPricePerUnit": {
      "value": 10.28,
      "unit": "€/KG"
    },
    "productPriceWithLoyaltyCard": null,
    "productPricePerUnitWithLoyaltyCard": null,
    "imageUrl": "https://rezekne.citro.lv/wp-content/uploads/2022/11/4740103098103-300x300.jpg",
    "available": true,
    "discount": 14
  },
  {
    "shop": "MAXIMA",
    "categories": [
      2,
      2002
    ],
    "productName": "Torte ar žāvētām plūmēm PELLIJA 1kg",
    "productPriceOld": null,
    "productPrice": {
      "value": 10.29,
      "unit": "€"
    },
    "productPricePerUnit": {
      "value": 10.29,
      "unit": "€/kg"
    },
    "productPriceWithLoyaltyCard": null,
    "productPricePerUnitWithLoyaltyCard": null,
    "imageUrl": "https://cdn.barbora.lv/products/1dada466-b572-498e-bae6-d9f547fb962e_s.png",
    "available": true,
    "discount": null
  },
  {
    "shop": "MAXIMA",
    "categories": [
      2,
      2001,
      20010015
    ],
    "productName": "Maizes nūjiņas ar sieru 125g",
    "productPriceOld": null,
    "productPrice": {
      "value": 1.29,
      "unit": "€"
    },
    "productPricePerUnit": {
      "value": 10.32,
      "unit": "€/kg"
    },
    "productPriceWithLoyaltyCard": null,
    "productPricePerUnitWithLoyaltyCard": null,
    "imageUrl": "https://cdn.barbora.lv/products/33a0b99c-9474-4407-ae97-76c873b014a9_s.png",
    "available": true,
    "discount": null
  },
  {
    "shop": "MAXIMA",
    "categories": [
      2,
      2001,
      20010015
    ],
    "productName": "Maizes nūjiņas ar sīpoliem 125g",
    "productPriceOld": null,
    "productPrice": {
      "value": 1.29,
      "unit": "€"
    },
    "productPricePerUnit": {
      "value": 10.32,
      "unit": "€/kg"
    },
    "productPriceWithLoyaltyCard": null,
    "productPricePerUnitWithLoyaltyCard": null,
    "imageUrl": "https://cdn.barbora.lv/products/b7c977a0-8ff1-4c69-a63f-c0880b5c3392_s.png",
    "available": true,
    "discount": null
  },
  {
    "shop": "MAXIMA",
    "categories": [
      2,
      2001,
      20010015
    ],
    "productName": "Maizes nūjiņas klasiskās 125g",
    "productPriceOld": null,
    "productPrice": {
      "value": 1.29,
      "unit": "€"
    },
    "productPricePerUnit": {
      "value": 10.32,
      "unit": "€/kg"
    },
    "productPriceWithLoyaltyCard": null,
    "productPricePerUnitWithLoyaltyCard": null,
    "imageUrl": "https://cdn.barbora.lv/products/b75e0791-02e2-4097-94ec-198492892b3a_s.png",
    "available": true,
    "discount": null
  },
  {
    "shop": "MAXIMA",
    "categories": [
      2,
      2001,
      2001008,
      2001001
    ],
    "productName": "Grissini ar pilngraudu miltiem 125g",
    "productPriceOld": null,
    "productPrice": {
      "value": 1.29,
      "unit": "€"
    },
    "productPricePerUnit": {
      "value": 10.32,
      "unit": "€/kg"
    },
    "productPriceWithLoyaltyCard": null,
    "productPricePerUnitWithLoyaltyCard": null,
    "imageUrl": "https://cdn.barbora.lv/products/45ec8b08-4708-45f6-a92d-60a6989a0251_s.png",
    "available": true,
    "discount": null
  },
  {
    "shop": "MAXIMA",
    "categories": [
      1,
      1001,
      1001003
    ],
    "productName": "Vīns J.BRUNNER Riesling Mosel 9,5% 750ml",
    "productPriceOld": null,
    "productPrice": {
      "value": 7.75,
      "unit": "€"
    },
    "productPricePerUnit": {
      "value": 10.33,
      "unit": "€/l"
    },
    "productPriceWithLoyaltyCard": null,
    "productPricePerUnitWithLoyaltyCard": null,
    "imageUrl": "https://cdn.barbora.lv/products/ccad19d6-cfbf-4548-96f0-de547f5a4df0_s.png",
    "available": true,
    "discount": null
  },
  {
    "shop": "MAXIMA",
    "categories": [
      1,
      1001,
      1001003
    ],
    "productName": "Vīns J.BRUNNER Riesling Rheinhessen10,5%0,75L",
    "productPriceOld": null,
    "productPrice": {
      "value": 7.75,
      "unit": "€"
    },
    "productPricePerUnit": {
      "value": 10.33,
      "unit": "€/l"
    },
    "productPriceWithLoyaltyCard": null,
    "productPricePerUnitWithLoyaltyCard": null,
    "imageUrl": "https://cdn.barbora.lv/products/9f5cf826-602a-4051-a552-36db6cd1c617_s.png",
    "available": true,
    "discount": null
  },
  {
    "shop": "MAXIMA",
    "categories": [
      1,
      1001,
      1001003
    ],
    "productName": "Vīns J.BRUNNER Gewurztraminer 11%0,75L",
    "productPriceOld": null,
    "productPrice": {
      "value": 7.75,
      "unit": "€"
    },
    "productPricePerUnit": {
      "value": 10.33,
      "unit": "€/l"
    },
    "productPriceWithLoyaltyCard": null,
    "productPricePerUnitWithLoyaltyCard": null,
    "imageUrl": "https://cdn.barbora.lv/products/3845171a-c4c2-451e-a3a8-3c8d25f5d07b_s.png",
    "available": true,
    "discount": null
  },
  {
    "shop": "MAXIMA",
    "categories": [
      1,
      1001,
      1001003
    ],
    "productName": "Vīns J.BRUNNER Dorfelder 10,5% 0,75L",
    "productPriceOld": null,
    "productPrice": {
      "value": 7.75,
      "unit": "€"
    },
    "productPricePerUnit": {
      "value": 10.33,
      "unit": "€/l"
    },
    "productPriceWithLoyaltyCard": null,
    "productPricePerUnitWithLoyaltyCard": null,
    "imageUrl": "https://cdn.barbora.lv/products/9f7d9005-fdc8-4788-93f3-b6c2865331e3_s.png",
    "available": true,
    "discount": null
  },
  {
    "shop": "MAXIMA",
    "categories": [
      2,
      2001,
      20010011
    ],
    "productName": "Rīsu galetes KUPIEC ar ķirbju sēklām 90G",
    "productPriceOld": {
      "value": 1.16,
      "unit": "€"
    },
    "productPrice": {
      "value": 0.93,
      "unit": "€"
    },
    "productPricePerUnit": {
      "value": 10.33,
      "unit": "€/kg"
    },
    "productPriceWithLoyaltyCard": null,
    "productPricePerUnitWithLoyaltyCard": null,
    "imageUrl": "https://cdn.barbora.lv/products/d227422f-c06c-4358-a032-c820fc43adf8_s.png",
    "available": true,
    "discount": 20
  },
  {
    "shop": "MAXIMA",
    "categories": [
      2,
      2001,
      20010011
    ],
    "productName": "Rīsu galetes KUPIEC ar čia sēklām 90G",
    "productPriceOld": {
      "value": 1.16,
      "unit": "€"
    },
    "productPrice": {
      "value": 0.93,
      "unit": "€"
    },
    "productPricePerUnit": {
      "value": 10.33,
      "unit": "€/kg"
    },
    "productPriceWithLoyaltyCard": null,
    "productPricePerUnitWithLoyaltyCard": null,
    "imageUrl": "https://cdn.barbora.lv/products/6d355bca-a90c-4ee7-9a88-12dc5f75a698_s.png",
    "available": true,
    "discount": 20
  },
  {
    "shop": "MAXIMA",
    "categories": [
      2,
      2001,
      20010015
    ],
    "productName": "Rīsu galetes ar sezamu KUPIEC bez glutēna 90g",
    "productPriceOld": {
      "value": 1.16,
      "unit": "€"
    },
    "productPrice": {
      "value": 0.93,
      "unit": "€"
    },
    "productPricePerUnit": {
      "value": 10.33,
      "unit": "€/kg"
    },
    "productPriceWithLoyaltyCard": null,
    "productPricePerUnitWithLoyaltyCard": null,
    "imageUrl": "https://cdn.barbora.lv/products/320e4dde-dd45-447d-8afb-3ee22d4e9492_s.png",
    "available": true,
    "discount": 20
  },
  {
    "shop": "MAXIMA",
    "categories": [
      2,
      2001,
      20010015
    ],
    "productName": "Rīsu galetes KUPIEC ar kumīnu 90g",
    "productPriceOld": {
      "value": 1.16,
      "unit": "€"
    },
    "productPrice": {
      "value": 0.93,
      "unit": "€"
    },
    "productPricePerUnit": {
      "value": 10.33,
      "unit": "€/kg"
    },
    "productPriceWithLoyaltyCard": null,
    "productPricePerUnitWithLoyaltyCard": null,
    "imageUrl": "https://cdn.barbora.lv/products/12f08c44-bca3-4bb3-85b7-bd2481b52c89_s.png",
    "available": true,
    "discount": 20
  },
  {
    "shop": "MAXIMA",
    "categories": [
      2,
      2001,
      20010015
    ],
    "productName": "Pica Laiviņa ar kūpinātu gaļu 115g",
    "productPriceOld": null,
    "productPrice": {
      "value": 1.19,
      "unit": "€"
    },
    "productPricePerUnit": {
      "value": 10.35,
      "unit": "€/kg"
    },
    "productPriceWithLoyaltyCard": null,
    "productPricePerUnitWithLoyaltyCard": null,
    "imageUrl": "https://cdn.barbora.lv/products/87c63922-0992-4060-8116-841c19f5e177_s.png",
    "available": true,
    "discount": null
  },
  {
    "shop": "RIMI",
    "categories": [
      1,
      1001,
      1001005
    ],
    "productName": "Alkohol. kokteilis Dins Gin & Tonic 14% 0,25l",
    "productPriceOld": null,
    "productPrice": {
      "value": 2.59,
      "unit": "€/gab"
    },
    "productPricePerUnit": {
      "value": 10.36,
      "unit": "€/l"
    },
    "productPriceWithLoyaltyCard": null,
    "productPricePerUnitWithLoyaltyCard": null,
    "imageUrl": "https://rimibaltic-res.cloudinary.com/image/upload/d_ecommerce:backend-fallback.png/MAT_7233377_PCE_LV",
    "available": true,
    "discount": null
  },
  {
    "shop": "RIMI",
    "categories": [
      1,
      1001,
      1001005
    ],
    "productName": "Alko. kokteilis Dins Citrus Bitter 14% 0,25l",
    "productPriceOld": null,
    "productPrice": {
      "value": 2.59,
      "unit": "€/gab"
    },
    "productPricePerUnit": {
      "value": 10.36,
      "unit": "€/l"
    },
    "productPriceWithLoyaltyCard": null,
    "productPricePerUnitWithLoyaltyCard": null,
    "imageUrl": "https://rimibaltic-res.cloudinary.com/image/upload/d_ecommerce:backend-fallback.png/MAT_7233381_PCE_LV",
    "available": true,
    "discount": null
  },
  {
    "shop": "RIMI",
    "categories": [
      1,
      1001,
      1001005
    ],
    "productName": "Alkohol. kokteilis Dins Grapefruit 14% 0,25l",
    "productPriceOld": null,
    "productPrice": {
      "value": 2.59,
      "unit": "€/gab"
    },
    "productPricePerUnit": {
      "value": 10.36,
      "unit": "€/l"
    },
    "productPriceWithLoyaltyCard": null,
    "productPricePerUnitWithLoyaltyCard": null,
    "imageUrl": "https://rimibaltic-res.cloudinary.com/image/upload/d_ecommerce:backend-fallback.png/MAT_7233383_PCE_LV",
    "available": true,
    "discount": null
  },
  {
    "shop": "MAXIMA",
    "categories": [
      1,
      1001,
      1001003
    ],
    "productName": "Dzirkst.vīns ROCCA FORTI FRAG.10% 0,75L",
    "productPriceOld": null,
    "productPrice": {
      "value": 7.77,
      "unit": "€"
    },
    "productPricePerUnit": {
      "value": 10.36,
      "unit": "€/l"
    },
    "productPriceWithLoyaltyCard": null,
    "productPricePerUnitWithLoyaltyCard": null,
    "imageUrl": "https://cdn.barbora.lv/products/1e150324-4a7a-4763-96bf-5699c14601e4_s.png",
    "available": true,
    "discount": null
  },
  {
    "shop": "MAXIMA",
    "categories": [
      1,
      1001,
      1001003
    ],
    "productName": "Dzirkst.vīns ROCCA FORTI DOLCE 9,5%0,75l",
    "productPriceOld": null,
    "productPrice": {
      "value": 7.77,
      "unit": "€"
    },
    "productPricePerUnit": {
      "value": 10.36,
      "unit": "€/l"
    },
    "productPriceWithLoyaltyCard": null,
    "productPricePerUnitWithLoyaltyCard": null,
    "imageUrl": "https://cdn.barbora.lv/products/c0a0b6f0-9924-46c2-81b0-16806d87b14a_s.png",
    "available": true,
    "discount": null
  },
  {
    "shop": "MAXIMA",
    "categories": [
      1,
      1001,
      1001003
    ],
    "productName": "Vīns DOPPIO PASSO Primitivo BIB 13% 3L",
    "productPriceOld": null,
    "productPrice": {
      "value": 31.14,
      "unit": "€"
    },
    "productPricePerUnit": {
      "value": 10.38,
      "unit": "€/l"
    },
    "productPriceWithLoyaltyCard": null,
    "productPricePerUnitWithLoyaltyCard": null,
    "imageUrl": "https://cdn.barbora.lv/products/3c2b4caf-3469-4c49-820c-db864b6c52cb_s.png",
    "available": true,
    "discount": null
  },
  {
    "shop": "RIMI",
    "categories": [
      1,
      1001,
      1001003
    ],
    "productName": "B.v. Moselland Riesling Troken12% 0,75l",
    "productPriceOld": null,
    "productPrice": {
      "value": 7.79,
      "unit": "€/gab"
    },
    "productPricePerUnit": {
      "value": 10.39,
      "unit": "€/l"
    },
    "productPriceWithLoyaltyCard": null,
    "productPricePerUnitWithLoyaltyCard": null,
    "imageUrl": "https://rimibaltic-res.cloudinary.com/image/upload/d_ecommerce:backend-fallback.png/MAT_140489_PCE_LV",
    "available": true,
    "discount": null
  },
  {
    "shop": "MAXIMA",
    "categories": [
      1,
      1001,
      1001003
    ],
    "productName": "Vīns CALLIGARI RIESLING 10,5% 0,75L",
    "productPriceOld": null,
    "productPrice": {
      "value": 7.79,
      "unit": "€"
    },
    "productPricePerUnit": {
      "value": 10.39,
      "unit": "€/l"
    },
    "productPriceWithLoyaltyCard": null,
    "productPricePerUnitWithLoyaltyCard": null,
    "imageUrl": "https://cdn.barbora.lv/products/ab255f20-9e01-44f5-9fb5-1681c2fd1f6f_s.png",
    "available": true,
    "discount": null
  },
  {
    "shop": "MAXIMA",
    "categories": [
      1,
      1001,
      1001003
    ],
    "productName": "Vīns ROCCA Pinot Grig.Veneto 12,5% 0,75L",
    "productPriceOld": null,
    "productPrice": {
      "value": 7.79,
      "unit": "€"
    },
    "productPricePerUnit": {
      "value": 10.39,
      "unit": "€/l"
    },
    "productPriceWithLoyaltyCard": null,
    "productPricePerUnitWithLoyaltyCard": null,
    "imageUrl": "https://cdn.barbora.lv/products/12025c3b-c934-4d5b-aae6-b8b972079db6_s.png",
    "available": true,
    "discount": null
  },
  {
    "shop": "RIMI",
    "categories": [
      1,
      1001,
      1001003
    ],
    "productName": "B.v. Muscat Barza Neagra 12,5% 0,75l",
    "productPriceOld": null,
    "productPrice": {
      "value": 7.85,
      "unit": "€/gab"
    },
    "productPricePerUnit": {
      "value": 10.47,
      "unit": "€/l"
    },
    "productPriceWithLoyaltyCard": null,
    "productPricePerUnitWithLoyaltyCard": null,
    "imageUrl": "https://rimibaltic-res.cloudinary.com/image/upload/d_ecommerce:backend-fallback.png/MAT_7113863_PCE_LV",
    "available": true,
    "discount": null
  },
  {
    "shop": "MAXIMA",
    "categories": [
      2,
      2005
    ],
    "productName": "Kūka Medus PELLIJA 400g",
    "productPriceOld": null,
    "productPrice": {
      "value": 4.19,
      "unit": "€"
    },
    "productPricePerUnit": {
      "value": 10.48,
      "unit": "€/kg"
    },
    "productPriceWithLoyaltyCard": null,
    "productPricePerUnitWithLoyaltyCard": null,
    "imageUrl": "https://cdn.barbora.lv/products/a9643386-dd1a-45ca-a147-70db68d31978_s.png",
    "available": true,
    "discount": null
  },
  {
    "shop": "MAXIMA",
    "categories": [
      2,
      2005
    ],
    "productName": "Rulete šokolādes PELLIJA 400g",
    "productPriceOld": null,
    "productPrice": {
      "value": 4.19,
      "unit": "€"
    },
    "productPricePerUnit": {
      "value": 10.48,
      "unit": "€/kg"
    },
    "productPriceWithLoyaltyCard": null,
    "productPricePerUnitWithLoyaltyCard": null,
    "imageUrl": "https://cdn.barbora.lv/products/650f95e6-370f-4dfc-82b8-fed68ccbbac5_s.png",
    "available": true,
    "discount": null
  },
  {
    "shop": "CITRO",
    "categories": [
      2,
      2001,
      20010015
    ],
    "productName": "SAUSBARANCIŅAS MAZĀS AR VANILĪNU VIRTENE 180G",
    "productPriceOld": null,
    "productPrice": null,
    "productPricePerUnit": {
      "value": 10.5,
      "unit": "€/KG"
    },
    "productPriceWithLoyaltyCard": null,
    "productPricePerUnitWithLoyaltyCard": null,
    "imageUrl": "https://rezekne.citro.lv/wp-content/uploads/2020/12/4750163542713-1-260x300.jpg",
    "available": true,
    "discount": null
  },
  {
    "shop": "RIMI",
    "categories": [
      2,
      2002
    ],
    "productName": "Torte Smiltene siera ar citronu krēmu 950g",
    "productPriceOld": null,
    "productPrice": {
      "value": 9.99,
      "unit": "€/gab"
    },
    "productPricePerUnit": {
      "value": 10.52,
      "unit": "€/kg"
    },
    "productPriceWithLoyaltyCard": null,
    "productPricePerUnitWithLoyaltyCard": null,
    "imageUrl": "https://rimibaltic-res.cloudinary.com/image/upload/d_ecommerce:backend-fallback.png/MAT_928193_PCE_LV",
    "available": true,
    "discount": null
  },
  {
    "shop": "MAXIMA",
    "categories": [
      2,
      2005
    ],
    "productName": "Siera kūka ar citronu krēmu SMILTENE 950g",
    "productPriceOld": null,
    "productPrice": {
      "value": 9.99,
      "unit": "€"
    },
    "productPricePerUnit": {
      "value": 10.52,
      "unit": "€/kg"
    },
    "productPriceWithLoyaltyCard": null,
    "productPricePerUnitWithLoyaltyCard": null,
    "imageUrl": "https://cdn.barbora.lv/products/a839964f-54a0-442c-a9f4-de6ff90c6352_s.png",
    "available": true,
    "discount": null
  },
  {
    "shop": "RIMI",
    "categories": [
      2,
      2005
    ],
    "productName": "Šokolādes kūka Vīnes 1,1kg",
    "productPriceOld": null,
    "productPrice": {
      "value": 11.59,
      "unit": "€/gab"
    },
    "productPricePerUnit": {
      "value": 10.54,
      "unit": "€/kg"
    },
    "productPriceWithLoyaltyCard": null,
    "productPricePerUnitWithLoyaltyCard": null,
    "imageUrl": "https://rimibaltic-res.cloudinary.com/image/upload/d_ecommerce:backend-fallback.png/MAT_910394_PCE_LV",
    "available": true,
    "discount": null
  },
  {
    "shop": "RIMI",
    "categories": [
      1,
      1001,
      10010016
    ],
    "productName": "Degvīns Beloff 37,5% 0,5l",
    "productPriceOld": null,
    "productPrice": {
      "value": 5.29,
      "unit": "€/gab"
    },
    "productPricePerUnit": {
      "value": 10.58,
      "unit": "€/l"
    },
    "productPriceWithLoyaltyCard": null,
    "productPricePerUnitWithLoyaltyCard": null,
    "imageUrl": "https://rimibaltic-res.cloudinary.com/image/upload/d_ecommerce:backend-fallback.png/MAT_802729_PCE_LV",
    "available": true,
    "discount": null
  },
  {
    "shop": "RIMI",
    "categories": [
      1,
      1001,
      1001001
    ],
    "productName": "Alus Mežpils Jb Porter 12,5% 0,33l",
    "productPriceOld": null,
    "productPrice": {
      "value": 3.49,
      "unit": "€/gab"
    },
    "productPricePerUnit": {
      "value": 10.58,
      "unit": "€/l"
    },
    "productPriceWithLoyaltyCard": null,
    "productPricePerUnitWithLoyaltyCard": null,
    "imageUrl": "https://rimibaltic-res.cloudinary.com/image/upload/d_ecommerce:backend-fallback.png/MAT_1374999_PCE_LV",
    "available": true,
    "discount": null
  },
  {
    "shop": "MAXIMA",
    "categories": [
      1,
      1001,
      10010016
    ],
    "productName": "Degvīns SOS 37,5 % 0,5L",
    "productPriceOld": null,
    "productPrice": {
      "value": 5.29,
      "unit": "€"
    },
    "productPricePerUnit": {
      "value": 10.58,
      "unit": "€/l"
    },
    "productPriceWithLoyaltyCard": null,
    "productPricePerUnitWithLoyaltyCard": null,
    "imageUrl": "https://cdn.barbora.lv/products/8281ad08-28e7-496c-b709-baacbd26e7b2_s.png",
    "available": true,
    "discount": null
  },
  {
    "shop": "RIMI",
    "categories": [
      2,
      2001,
      20010015
    ],
    "productName": "Brusketa Rimi ar tomātiem un oregano 150g",
    "productPriceOld": null,
    "productPrice": {
      "value": 1.59,
      "unit": "€/gab"
    },
    "productPricePerUnit": {
      "value": 10.6,
      "unit": "€/kg"
    },
    "productPriceWithLoyaltyCard": null,
    "productPricePerUnitWithLoyaltyCard": null,
    "imageUrl": "https://rimibaltic-res.cloudinary.com/image/upload/d_ecommerce:backend-fallback.png/MAT_814168_PCE_LV",
    "available": true,
    "discount": null
  },
  {
    "shop": "MAXIMA",
    "categories": [
      2,
      2001,
      20010014
    ],
    "productName": "Smalkmaizīte Studentu pica 65g",
    "productPriceOld": null,
    "productPrice": {
      "value": 0.69,
      "unit": "€"
    },
    "productPricePerUnit": {
      "value": 10.62,
      "unit": "€/kg"
    },
    "productPriceWithLoyaltyCard": null,
    "productPricePerUnitWithLoyaltyCard": null,
    "imageUrl": "https://cdn.barbora.lv/products/4a5a2791-4214-4126-8bb4-894838f96e0d_s.png",
    "available": true,
    "discount": null
  },
  {
    "shop": "RIMI",
    "categories": [
      2,
      2005
    ],
    "productName": "Rulete ar želejas gabaliņiem 300g",
    "productPriceOld": {
      "value": 3.69,
      "unit": "€"
    },
    "productPrice": {
      "value": 3.19,
      "unit": "€/gab"
    },
    "productPricePerUnit": {
      "value": 10.63,
      "unit": "€/kg"
    },
    "productPriceWithLoyaltyCard": null,
    "productPricePerUnitWithLoyaltyCard": null,
    "imageUrl": "https://rimibaltic-res.cloudinary.com/image/upload/d_ecommerce:backend-fallback.png/MAT_296403_PCE_LV",
    "available": true,
    "discount": 14
  },
  {
    "shop": "MAXIMA",
    "categories": [
      2,
      20010
    ],
    "productName": "Pīrādziņš ar fetas sieru 90g",
    "productPriceOld": null,
    "productPrice": {
      "value": 0.85,
      "unit": "€"
    },
    "productPricePerUnit": {
      "value": 10.63,
      "unit": "€/kg"
    },
    "productPriceWithLoyaltyCard": null,
    "productPricePerUnitWithLoyaltyCard": null,
    "imageUrl": "https://cdn.barbora.lv/products/5e9dd6e5-9317-49d1-befe-712b74c2be57_s.png",
    "available": true,
    "discount": null
  },
  {
    "shop": "RIMI",
    "categories": [
      1,
      1001,
      1001003
    ],
    "productName": "S.v. Jacob's Creek Shiraz 13,9% 0,187l",
    "productPriceOld": null,
    "productPrice": {
      "value": 2.85,
      "unit": "€/gab"
    },
    "productPricePerUnit": {
      "value": 15.24,
      "unit": "€/l"
    },
    "productPriceWithLoyaltyCard": {
      "value": 1.99,
      "unit": "€"
    },
    "productPricePerUnitWithLoyaltyCard": {
      "value": 10.64,
      "unit": "€/l"
    },
    "imageUrl": "https://rimibaltic-res.cloudinary.com/image/upload/d_ecommerce:backend-fallback.png/MAT_799325_PCE_LV",
    "available": true,
    "discount": 30
  },
  {
    "shop": "RIMI",
    "categories": [
      1,
      1001,
      1001004
    ],
    "productName": "Dz. v. Mionetto Prosecco Doc Brut 11% 0,75l",
    "productPriceOld": null,
    "productPrice": {
      "value": 10.15,
      "unit": "€/gab"
    },
    "productPricePerUnit": {
      "value": 13.53,
      "unit": "€/l"
    },
    "productPriceWithLoyaltyCard": {
      "value": 7.99,
      "unit": "€"
    },
    "productPricePerUnitWithLoyaltyCard": {
      "value": 10.65,
      "unit": "€/l"
    },
    "imageUrl": "https://rimibaltic-res.cloudinary.com/image/upload/d_ecommerce:backend-fallback.png/MAT_7030860_PCE_LV",
    "available": true,
    "discount": 21
  },
  {
    "shop": "RIMI",
    "categories": [
      1,
      1001,
      1001003
    ],
    "productName": "S.v. Elegido Tempranillo-Syrah Cat. 13% 0,75l",
    "productPriceOld": null,
    "productPrice": {
      "value": 7.99,
      "unit": "€/gab"
    },
    "productPricePerUnit": {
      "value": 10.65,
      "unit": "€/l"
    },
    "productPriceWithLoyaltyCard": null,
    "productPricePerUnitWithLoyaltyCard": null,
    "imageUrl": "https://rimibaltic-res.cloudinary.com/image/upload/d_ecommerce:backend-fallback.png/MAT_7221057_PCE_LV",
    "available": true,
    "discount": null
  },
  {
    "shop": "RIMI",
    "categories": [
      1,
      1001,
      1001003
    ],
    "productName": "R.v. Abavas Rabarberu 12% 0,75l",
    "productPriceOld": null,
    "productPrice": {
      "value": 11.19,
      "unit": "€/gab"
    },
    "productPricePerUnit": {
      "value": 14.92,
      "unit": "€/l"
    },
    "productPriceWithLoyaltyCard": {
      "value": 7.99,
      "unit": "€"
    },
    "productPricePerUnitWithLoyaltyCard": {
      "value": 10.65,
      "unit": "€/l"
    },
    "imageUrl": "https://rimibaltic-res.cloudinary.com/image/upload/d_ecommerce:backend-fallback.png/MAT_7252788_PCE_LV",
    "available": true,
    "discount": 29
  },
  {
    "shop": "RIMI",
    "categories": [
      1,
      1001,
      1001003
    ],
    "productName": "Rozā vīns Calvet Rose D'Anjou AOC 11% 0,75l",
    "productPriceOld": null,
    "productPrice": {
      "value": 10.39,
      "unit": "€/gab"
    },
    "productPricePerUnit": {
      "value": 13.85,
      "unit": "€/l"
    },
    "productPriceWithLoyaltyCard": {
      "value": 7.99,
      "unit": "€"
    },
    "productPricePerUnitWithLoyaltyCard": {
      "value": 10.65,
      "unit": "€/l"
    },
    "imageUrl": "https://rimibaltic-res.cloudinary.com/image/upload/d_ecommerce:backend-fallback.png/MAT_107819_PCE_LV",
    "available": true,
    "discount": 23
  },
  {
    "shop": "RIMI",
    "categories": [
      1,
      1001,
      1001004
    ],
    "productName": "Dz.vī. Martini Frizzante Semiseco 10,5% 0,75l",
    "productPriceOld": null,
    "productPrice": {
      "value": 12.15,
      "unit": "€/gab"
    },
    "productPricePerUnit": {
      "value": 16.2,
      "unit": "€/l"
    },
    "productPriceWithLoyaltyCard": {
      "value": 7.99,
      "unit": "€"
    },
    "productPricePerUnitWithLoyaltyCard": {
      "value": 10.65,
      "unit": "€/l"
    },
    "imageUrl": "https://rimibaltic-res.cloudinary.com/image/upload/d_ecommerce:backend-fallback.png/MAT_7295803_PCE_LV",
    "available": true,
    "discount": 34
  },
  {
    "shop": "RIMI",
    "categories": [
      1,
      1001,
      1001004
    ],
    "productName": "Dz. vīns Martini Frizzante Dolce 9,5% 0,75l",
    "productPriceOld": null,
    "productPrice": {
      "value": 12.15,
      "unit": "€/gab"
    },
    "productPricePerUnit": {
      "value": 16.2,
      "unit": "€/l"
    },
    "productPriceWithLoyaltyCard": {
      "value": 7.99,
      "unit": "€"
    },
    "productPricePerUnitWithLoyaltyCard": {
      "value": 10.65,
      "unit": "€/l"
    },
    "imageUrl": "https://rimibaltic-res.cloudinary.com/image/upload/d_ecommerce:backend-fallback.png/MAT_7295802_PCE_LV",
    "available": true,
    "discount": 34
  },
  {
    "shop": "RIMI",
    "categories": [
      1,
      1001,
      1001003
    ],
    "productName": "S.v. Ramblas Reales Reserva 13% 0,75l",
    "productPriceOld": null,
    "productPrice": {
      "value": 7.99,
      "unit": "€/gab"
    },
    "productPricePerUnit": {
      "value": 10.65,
      "unit": "€/l"
    },
    "productPriceWithLoyaltyCard": null,
    "productPricePerUnitWithLoyaltyCard": null,
    "imageUrl": "https://rimibaltic-res.cloudinary.com/image/upload/d_ecommerce:backend-fallback.png/MAT_7252206_PCE_LV",
    "available": true,
    "discount": null
  },
  {
    "shop": "RIMI",
    "categories": [
      1,
      1001,
      1001003
    ],
    "productName": "S.v. L'Amour du Chocolat 13,5% 0,75l",
    "productPriceOld": null,
    "productPrice": {
      "value": 10.85,
      "unit": "€/gab"
    },
    "productPricePerUnit": {
      "value": 14.47,
      "unit": "€/l"
    },
    "productPriceWithLoyaltyCard": {
      "value": 7.99,
      "unit": "€"
    },
    "productPricePerUnitWithLoyaltyCard": {
      "value": 10.65,
      "unit": "€/l"
    },
    "imageUrl": "https://rimibaltic-res.cloudinary.com/image/upload/d_ecommerce:backend-fallback.png/MAT_7287567_PCE_LV",
    "available": true,
    "discount": 26
  },
  {
    "shop": "RIMI",
    "categories": [
      1,
      1001,
      1001003
    ],
    "productName": "Rozā vīns Umano Rose, pussausais 12% 0,75l",
    "productPriceOld": null,
    "productPrice": {
      "value": 13.65,
      "unit": "€/gab"
    },
    "productPricePerUnit": {
      "value": 18.2,
      "unit": "€/l"
    },
    "productPriceWithLoyaltyCard": {
      "value": 7.99,
      "unit": "€"
    },
    "productPricePerUnitWithLoyaltyCard": {
      "value": 10.65,
      "unit": "€/l"
    },
    "imageUrl": "https://rimibaltic-res.cloudinary.com/image/upload/d_ecommerce:backend-fallback.png/MAT_7288015_PCE_LV",
    "available": true,
    "discount": 41
  },
  {
    "shop": "MAXIMA",
    "categories": [
      1,
      1003,
      1003004
    ],
    "productName": "Dealkoh.dz.vīns CARL JUNG Peach 0,75L D",
    "productPriceOld": null,
    "productPrice": {
      "value": 7.99,
      "unit": "€"
    },
    "productPricePerUnit": {
      "value": 10.65,
      "unit": "€/l"
    },
    "productPriceWithLoyaltyCard": null,
    "productPricePerUnitWithLoyaltyCard": null,
    "imageUrl": "https://cdn.barbora.lv/products/5fe4e12b-7a2a-4a19-ad0b-94ff195f0922_s.png",
    "available": true,
    "discount": null
  },
  {
    "shop": "MAXIMA",
    "categories": [
      1,
      1003,
      1003003
    ],
    "productName": "Dealk.vīns CARL JUNG Chardonnay 0,75L D",
    "productPriceOld": null,
    "productPrice": {
      "value": 7.99,
      "unit": "€"
    },
    "productPricePerUnit": {
      "value": 10.65,
      "unit": "€/l"
    },
    "productPriceWithLoyaltyCard": null,
    "productPricePerUnitWithLoyaltyCard": null,
    "imageUrl": "https://cdn.barbora.lv/products/7a4f2394-1e56-4848-933a-2c36d2cab906_s.png",
    "available": true,
    "discount": null
  },
  {
    "shop": "MAXIMA",
    "categories": [
      1,
      1003,
      1003004
    ],
    "productName": "Dealk.dz.vīns CARL JUNG Mousseux 0,75L D",
    "productPriceOld": null,
    "productPrice": {
      "value": 7.99,
      "unit": "€"
    },
    "productPricePerUnit": {
      "value": 10.65,
      "unit": "€/l"
    },
    "productPriceWithLoyaltyCard": null,
    "productPricePerUnitWithLoyaltyCard": null,
    "imageUrl": "https://cdn.barbora.lv/products/052b6d16-0bed-4d81-9d39-e30ab36e1f98_s.png",
    "available": true,
    "discount": null
  },
  {
    "shop": "MAXIMA",
    "categories": [
      1,
      1001,
      1001003
    ],
    "productName": "Vīns TRAPICHE Malbec Reserva 14% 0,75L",
    "productPriceOld": {
      "value": 12.31,
      "unit": "€"
    },
    "productPrice": {
      "value": 12.31,
      "unit": "€"
    },
    "productPricePerUnit": {
      "value": 16.41,
      "unit": "€/l"
    },
    "productPriceWithLoyaltyCard": {
      "value": 7.99,
      "unit": "€"
    },
    "productPricePerUnitWithLoyaltyCard": {
      "value": 10.65,
      "unit": "€/l"
    },
    "imageUrl": "https://cdn.barbora.lv/products/555128a8-2852-4d9b-9a19-ef7a992e1768_s.png",
    "available": true,
    "discount": 35
  },
  {
    "shop": "MAXIMA",
    "categories": [
      1,
      1001,
      1001003
    ],
    "productName": "Vīns BLUE LIGHT RIESLING 8,5% 0,75L",
    "productPriceOld": null,
    "productPrice": {
      "value": 7.99,
      "unit": "€"
    },
    "productPricePerUnit": {
      "value": 10.65,
      "unit": "€/l"
    },
    "productPriceWithLoyaltyCard": null,
    "productPricePerUnitWithLoyaltyCard": null,
    "imageUrl": "https://cdn.barbora.lv/products/01b5678f-ec37-43c2-bcac-de1b0e722dad_s.png",
    "available": true,
    "discount": null
  },
  {
    "shop": "MAXIMA",
    "categories": [
      1,
      1001,
      1001003
    ],
    "productName": "Vīns Pierre BREVIN ROSE D'ANJOU 10,5% 0,75L",
    "productPriceOld": null,
    "productPrice": {
      "value": 7.99,
      "unit": "€"
    },
    "productPricePerUnit": {
      "value": 10.65,
      "unit": "€/l"
    },
    "productPriceWithLoyaltyCard": null,
    "productPricePerUnitWithLoyaltyCard": null,
    "imageUrl": "https://cdn.barbora.lv/products/40cef316-826f-40f5-9cf4-00588424dd82_s.png",
    "available": true,
    "discount": null
  },
  {
    "shop": "MAXIMA",
    "categories": [
      1,
      1001,
      1001003
    ],
    "productName": "Vīns TRAPICHE Reserve Chard. 13.5% 0,75L",
    "productPriceOld": {
      "value": 12.31,
      "unit": "€"
    },
    "productPrice": {
      "value": 12.31,
      "unit": "€"
    },
    "productPricePerUnit": {
      "value": 16.41,
      "unit": "€/l"
    },
    "productPriceWithLoyaltyCard": {
      "value": 7.99,
      "unit": "€"
    },
    "productPricePerUnitWithLoyaltyCard": {
      "value": 10.65,
      "unit": "€/l"
    },
    "imageUrl": "https://cdn.barbora.lv/products/e6fb70b7-2504-495e-a397-5c8fc27f4141_s.png",
    "available": true,
    "discount": 35
  },
  {
    "shop": "MAXIMA",
    "categories": [
      1,
      1001,
      1001003
    ],
    "productName": "Vīns EPICURO Nero d'Avola 12,5% 0,75L",
    "productPriceOld": {
      "value": 12.39,
      "unit": "€"
    },
    "productPrice": {
      "value": 12.39,
      "unit": "€"
    },
    "productPricePerUnit": {
      "value": 16.52,
      "unit": "€/l"
    },
    "productPriceWithLoyaltyCard": {
      "value": 7.99,
      "unit": "€"
    },
    "productPricePerUnitWithLoyaltyCard": {
      "value": 10.65,
      "unit": "€/l"
    },
    "imageUrl": "https://cdn.barbora.lv/products/dfc62c3a-44f1-465b-8bc4-5e55d141f9cf_s.png",
    "available": true,
    "discount": 36
  },
  {
    "shop": "MAXIMA",
    "categories": [
      1,
      1001,
      1001003
    ],
    "productName": "Vīns DAO CASAL MOR TINTO 13% 0,75L",
    "productPriceOld": null,
    "productPrice": {
      "value": 7.99,
      "unit": "€"
    },
    "productPricePerUnit": {
      "value": 10.65,
      "unit": "€/l"
    },
    "productPriceWithLoyaltyCard": null,
    "productPricePerUnitWithLoyaltyCard": null,
    "imageUrl": "https://cdn.barbora.lv/products/6522bc9f-79ea-40dc-8a77-801ba3f5e6e5_s.png",
    "available": true,
    "discount": null
  },
  {
    "shop": "CITRO",
    "categories": [
      1,
      1001,
      1001003
    ],
    "productName": "VĪNS B. GATO 9 LIVES RESERVA BLANC 12.5% 0.75L",
    "productPriceOld": null,
    "productPrice": null,
    "productPricePerUnit": {
      "value": 10.65,
      "unit": "€/L"
    },
    "productPriceWithLoyaltyCard": null,
    "productPricePerUnitWithLoyaltyCard": null,
    "imageUrl": "https://rezekne.citro.lv/wp-content/uploads/2020/09/7804300139247-300x300.jpg",
    "available": true,
    "discount": null
  },
  {
    "shop": "CITRO",
    "categories": [
      1,
      1001,
      1001003
    ],
    "productName": "VĪNS S. GATO 9 LIVES RESERVA CABERENET SAUV. 13.5% 0.75L",
    "productPriceOld": null,
    "productPrice": null,
    "productPricePerUnit": {
      "value": 10.65,
      "unit": "€/L"
    },
    "productPriceWithLoyaltyCard": null,
    "productPricePerUnitWithLoyaltyCard": null,
    "imageUrl": "https://rezekne.citro.lv/wp-content/uploads/2020/09/7804300139230-300x300.jpg",
    "available": true,
    "discount": null
  },
  {
    "shop": "CITRO",
    "categories": [
      1,
      1001,
      1001003
    ],
    "productName": "VĪNS S. GATO 9 LIVES RESERVA CABERENET SAUV. 13.5% 0.75L",
    "productPriceOld": null,
    "productPrice": null,
    "productPricePerUnit": {
      "value": 10.65,
      "unit": "€/L"
    },
    "productPriceWithLoyaltyCard": null,
    "productPricePerUnitWithLoyaltyCard": null,
    "imageUrl": "https://rezekne.citro.lv/wp-content/uploads/2020/09/7804300139230-300x300.jpg",
    "available": true,
    "discount": null
  },
  {
    "shop": "CITRO",
    "categories": [
      1,
      1001,
      1001003
    ],
    "productName": "VĪNS B. GRAND NOIR VIOGNIER 12.5% 0.75L",
    "productPriceOld": {
      "value": 8.99,
      "unit": "€"
    },
    "productPrice": {
      "value": 7.99,
      "unit": "€"
    },
    "productPricePerUnit": {
      "value": 10.65,
      "unit": "€/L"
    },
    "productPriceWithLoyaltyCard": null,
    "productPricePerUnitWithLoyaltyCard": null,
    "imageUrl": "https://rezekne.citro.lv/wp-content/uploads/2020/12/3378632223126-300x300.jpg",
    "available": true,
    "discount": 11
  },
  {
    "shop": "CITRO",
    "categories": [
      1,
      1001,
      1001003
    ],
    "productName": "VĪNS S. GRAND NOIR MALBEC 13% 0.75L",
    "productPriceOld": {
      "value": 8.99,
      "unit": "€"
    },
    "productPrice": {
      "value": 7.99,
      "unit": "€"
    },
    "productPricePerUnit": {
      "value": 10.65,
      "unit": "€/L"
    },
    "productPriceWithLoyaltyCard": null,
    "productPricePerUnitWithLoyaltyCard": null,
    "imageUrl": "https://rezekne.citro.lv/wp-content/uploads/2020/12/3378630020123-300x300.jpg",
    "available": true,
    "discount": 11
  },
  {
    "shop": "CITRO",
    "categories": [
      1,
      1001,
      1001003
    ],
    "productName": "VĪNS R. CASA CHARLIZE FLOREALE PINOT GRIGIO BLUSH 12% 0.75L",
    "productPriceOld": null,
    "productPrice": null,
    "productPricePerUnit": {
      "value": 10.65,
      "unit": "€/L"
    },
    "productPriceWithLoyaltyCard": null,
    "productPricePerUnitWithLoyaltyCard": null,
    "imageUrl": "https://rezekne.citro.lv/wp-content/uploads/2022/06/4740158009987-300x300.jpg",
    "available": true,
    "discount": null
  },
  {
    "shop": "CITRO",
    "categories": [
      1,
      1001,
      1001003
    ],
    "productName": "VĪNS R. CASA CHARLIZE FLOREALE PINOT GRIGIO BLUSH 12% 0.75L",
    "productPriceOld": null,
    "productPrice": null,
    "productPricePerUnit": {
      "value": 10.65,
      "unit": "€/L"
    },
    "productPriceWithLoyaltyCard": null,
    "productPricePerUnitWithLoyaltyCard": null,
    "imageUrl": "https://rezekne.citro.lv/wp-content/uploads/2022/06/4740158009987-300x300.jpg",
    "available": true,
    "discount": null
  },
  {
    "shop": "CITRO",
    "categories": [
      1,
      1001,
      1001003
    ],
    "productName": "VĪNS S. OLD TBILISI ALAZANI RED 11.5% 0.75L",
    "productPriceOld": null,
    "productPrice": null,
    "productPricePerUnit": {
      "value": 10.65,
      "unit": "€/L"
    },
    "productPriceWithLoyaltyCard": null,
    "productPricePerUnitWithLoyaltyCard": null,
    "imageUrl": "https://rezekne.citro.lv/wp-content/uploads/2020/12/4860004070173-104x300.jpg",
    "available": true,
    "discount": null
  },
  {
    "shop": "CITRO",
    "categories": [
      1,
      1001,
      1001003
    ],
    "productName": "VĪNS S. CASA CHARLIZE PRIMITIVO PULGIA IGT 13.5% 0.75L",
    "productPriceOld": null,
    "productPrice": null,
    "productPricePerUnit": {
      "value": 10.65,
      "unit": "€/L"
    },
    "productPriceWithLoyaltyCard": null,
    "productPricePerUnitWithLoyaltyCard": null,
    "imageUrl": "https://rezekne.citro.lv/wp-content/uploads/2024/11/4740158007709-2-300x300.jpeg",
    "available": true,
    "discount": null
  },
  {
    "shop": "CITRO",
    "categories": [
      1,
      1001,
      1001003
    ],
    "productName": "VĪNS B. CASA CHARLIZE PINOT GRIGIO TERRE SICILIANE IGT 12% 0.75L",
    "productPriceOld": null,
    "productPrice": null,
    "productPricePerUnit": {
      "value": 10.65,
      "unit": "€/L"
    },
    "productPriceWithLoyaltyCard": null,
    "productPricePerUnitWithLoyaltyCard": null,
    "imageUrl": "https://rezekne.citro.lv/wp-content/uploads/2024/11/4740158007648-300x300.jpeg",
    "available": true,
    "discount": null
  },
  {
    "shop": "CITRO",
    "categories": [
      1,
      1001,
      1001003
    ],
    "productName": "VĪNS B. FREIXENET PINOT GRIGIO GARDA DOC 11.5% 0.75L",
    "productPriceOld": null,
    "productPrice": null,
    "productPricePerUnit": {
      "value": 10.65,
      "unit": "€/L"
    },
    "productPriceWithLoyaltyCard": null,
    "productPricePerUnitWithLoyaltyCard": null,
    "imageUrl": "https://rezekne.citro.lv/wp-content/uploads/2022/02/8410036808433-300x300.jpg",
    "available": true,
    "discount": null
  },
  {
    "shop": "CITRO",
    "categories": [
      1,
      1001,
      1001003
    ],
    "productName": "VĪNS R. FREIXENET ROSE VENETO 11.5% 0.75L",
    "productPriceOld": null,
    "productPrice": null,
    "productPricePerUnit": {
      "value": 10.65,
      "unit": "€/L"
    },
    "productPriceWithLoyaltyCard": null,
    "productPricePerUnitWithLoyaltyCard": null,
    "imageUrl": "https://rezekne.citro.lv/wp-content/uploads/2022/02/8410036808396-300x300.jpg",
    "available": true,
    "discount": null
  },
  {
    "shop": "CITRO",
    "categories": [
      1,
      1001,
      1001003
    ],
    "productName": "VĪNS B. BLUE NUN RIESLING LANDWEIN PASSALDS 9.5% 0.75L",
    "productPriceOld": null,
    "productPrice": null,
    "productPricePerUnit": {
      "value": 10.65,
      "unit": "€/L"
    },
    "productPriceWithLoyaltyCard": null,
    "productPricePerUnitWithLoyaltyCard": null,
    "imageUrl": "https://rezekne.citro.lv/wp-content/uploads/2024/12/4022025390030-300x300.jpg",
    "available": true,
    "discount": null
  },
  {
    "shop": "CITRO",
    "categories": [
      1,
      1001,
      1001003
    ],
    "productName": "VĪNS S. JACOBS CREEK MERLOT 13% 0.75L",
    "productPriceOld": null,
    "productPrice": null,
    "productPricePerUnit": {
      "value": 10.65,
      "unit": "€/L"
    },
    "productPriceWithLoyaltyCard": null,
    "productPricePerUnitWithLoyaltyCard": null,
    "imageUrl": "https://rezekne.citro.lv/wp-content/uploads/2020/12/9300727508287-233x300.jpg",
    "available": true,
    "discount": null
  },
  {
    "shop": "CITRO",
    "categories": [
      1,
      1001,
      1001003
    ],
    "productName": "VĪNS B. JACOBS CREEK CHARDONNAY 13% 0.75L",
    "productPriceOld": null,
    "productPrice": null,
    "productPricePerUnit": {
      "value": 10.65,
      "unit": "€/L"
    },
    "productPriceWithLoyaltyCard": null,
    "productPricePerUnitWithLoyaltyCard": null,
    "imageUrl": "https://rezekne.citro.lv/wp-content/uploads/2022/05/9300727406538-300x300.jpg",
    "available": true,
    "discount": null
  },
  {
    "shop": "CITRO",
    "categories": [
      1,
      1001,
      1001003
    ],
    "productName": "VĪNS B. JACOBS CREEK RIESLING 13% 0.75L",
    "productPriceOld": null,
    "productPrice": null,
    "productPricePerUnit": {
      "value": 10.65,
      "unit": "€/L"
    },
    "productPriceWithLoyaltyCard": null,
    "productPricePerUnitWithLoyaltyCard": null,
    "imageUrl": "https://rezekne.citro.lv/wp-content/uploads/2020/10/9300727389275-300x300.jpg",
    "available": true,
    "discount": null
  },
  {
    "shop": "CITRO",
    "categories": [
      1,
      1001,
      1001003
    ],
    "productName": "VĪNS B. JACOBS CREEK CHARDONNAY 13% 0.75L",
    "productPriceOld": null,
    "productPrice": null,
    "productPricePerUnit": {
      "value": 10.65,
      "unit": "€/L"
    },
    "productPriceWithLoyaltyCard": null,
    "productPricePerUnitWithLoyaltyCard": null,
    "imageUrl": "https://rezekne.citro.lv/wp-content/uploads/2022/05/9300727406538-300x300.jpg",
    "available": true,
    "discount": null
  },
  {
    "shop": "CITRO",
    "categories": [
      1,
      1001,
      1001003
    ],
    "productName": "VĪNS B. JACOBS CREEK RIESLING 13% 0.75L",
    "productPriceOld": null,
    "productPrice": null,
    "productPricePerUnit": {
      "value": 10.65,
      "unit": "€/L"
    },
    "productPriceWithLoyaltyCard": null,
    "productPricePerUnitWithLoyaltyCard": null,
    "imageUrl": "https://rezekne.citro.lv/wp-content/uploads/2020/10/9300727389275-300x300.jpg",
    "available": true,
    "discount": null
  },
  {
    "shop": "RIMI",
    "categories": [
      1,
      1001,
      1001004
    ],
    "productName": "Dz.v. Donelli Prosecco 11,5% 1,5l",
    "productPriceOld": null,
    "productPrice": {
      "value": 21.55,
      "unit": "€/gab"
    },
    "productPricePerUnit": {
      "value": 14.37,
      "unit": "€/l"
    },
    "productPriceWithLoyaltyCard": {
      "value": 15.99,
      "unit": "€"
    },
    "productPricePerUnitWithLoyaltyCard": {
      "value": 10.66,
      "unit": "€/l"
    },
    "imageUrl": "https://rimibaltic-res.cloudinary.com/image/upload/d_ecommerce:backend-fallback.png/MAT_7220680_PCE_LV",
    "available": true,
    "discount": 26
  },
  {
    "shop": "RIMI",
    "categories": [
      1,
      1001,
      1001004
    ],
    "productName": "Rozā dz. v. Prosecco Donelli 11.5% 1,5l",
    "productPriceOld": null,
    "productPrice": {
      "value": 22.79,
      "unit": "€/gab"
    },
    "productPricePerUnit": {
      "value": 15.19,
      "unit": "€/l"
    },
    "productPriceWithLoyaltyCard": {
      "value": 15.99,
      "unit": "€"
    },
    "productPricePerUnitWithLoyaltyCard": {
      "value": 10.66,
      "unit": "€/l"
    },
    "imageUrl": "https://rimibaltic-res.cloudinary.com/image/upload/d_ecommerce:backend-fallback.png/MAT_7285264_PCE_LV",
    "available": true,
    "discount": 30
  },
  {
    "shop": "MAXIMA",
    "categories": [
      1,
      1001,
      1001003
    ],
    "productName": "Vīns EPICURO Pinot Grigio 12,5% 0,75L",
    "productPriceOld": {
      "value": 11.45,
      "unit": "€"
    },
    "productPrice": {
      "value": 11.45,
      "unit": "€"
    },
    "productPricePerUnit": {
      "value": 15.27,
      "unit": "€/l"
    },
    "productPriceWithLoyaltyCard": {
      "value": 7.99,
      "unit": "€"
    },
    "productPricePerUnitWithLoyaltyCard": {
      "value": 10.66,
      "unit": "€/l"
    },
    "imageUrl": "https://cdn.barbora.lv/products/9263b6cc-e588-48c9-8bf6-649e53016e61_s.png",
    "available": true,
    "discount": 30
  },
  {
    "shop": "MAXIMA",
    "categories": [
      1,
      1001,
      1001004
    ],
    "productName": "Dz.vīns BOTTER Prosecco Spuman.11% 750ml",
    "productPriceOld": {
      "value": 13.1,
      "unit": "€"
    },
    "productPrice": {
      "value": 13.1,
      "unit": "€"
    },
    "productPricePerUnit": {
      "value": 17.47,
      "unit": "€/l"
    },
    "productPriceWithLoyaltyCard": {
      "value": 7.99,
      "unit": "€"
    },
    "productPricePerUnitWithLoyaltyCard": {
      "value": 10.66,
      "unit": "€/l"
    },
    "imageUrl": "https://cdn.barbora.lv/products/66745679-b8ae-428b-9c9e-34cc79a2ce13_s.png",
    "available": true,
    "discount": 39
  },
  {
    "shop": "MAXIMA",
    "categories": [
      1,
      1001,
      1001003
    ],
    "productName": "Vīns URBANS-HOF URBAN RIESLING 9,5%0,75L",
    "productPriceOld": {
      "value": 12.26,
      "unit": "€"
    },
    "productPrice": {
      "value": 12.26,
      "unit": "€"
    },
    "productPricePerUnit": {
      "value": 16.35,
      "unit": "€/l"
    },
    "productPriceWithLoyaltyCard": {
      "value": 7.99,
      "unit": "€"
    },
    "productPricePerUnitWithLoyaltyCard": {
      "value": 10.66,
      "unit": "€/l"
    },
    "imageUrl": "https://cdn.barbora.lv/products/c0c58003-bcd4-4297-9868-0ffdb54ca8fa_s.png",
    "available": true,
    "discount": 35
  },
  {
    "shop": "MAXIMA",
    "categories": [
      1,
      1001,
      1001003
    ],
    "productName": "Vīns TRAPICHE CAB.SAUV.RES.14% 0,75L",
    "productPriceOld": {
      "value": 11.03,
      "unit": "€"
    },
    "productPrice": {
      "value": 11.03,
      "unit": "€"
    },
    "productPricePerUnit": {
      "value": 14.71,
      "unit": "€/l"
    },
    "productPriceWithLoyaltyCard": {
      "value": 7.99,
      "unit": "€"
    },
    "productPricePerUnitWithLoyaltyCard": {
      "value": 10.66,
      "unit": "€/l"
    },
    "imageUrl": "https://cdn.barbora.lv/products/d8614e28-c9f9-4923-998d-96e4aa3ce044_s.png",
    "available": true,
    "discount": 28
  },
  {
    "shop": "MAXIMA",
    "categories": [
      1,
      1001,
      1001003
    ],
    "productName": "Vīns EPICURO Chardonnay 12,5% 0,75L",
    "productPriceOld": {
      "value": 12.29,
      "unit": "€"
    },
    "productPrice": {
      "value": 12.29,
      "unit": "€"
    },
    "productPricePerUnit": {
      "value": 16.39,
      "unit": "€/l"
    },
    "productPriceWithLoyaltyCard": {
      "value": 7.99,
      "unit": "€"
    },
    "productPricePerUnitWithLoyaltyCard": {
      "value": 10.66,
      "unit": "€/l"
    },
    "imageUrl": "https://cdn.barbora.lv/products/ed0a0824-0101-455e-857b-afd55c84e530_s.png",
    "available": true,
    "discount": 35
  },
  {
    "shop": "MAXIMA",
    "categories": [
      2,
      2005
    ],
    "productName": "Biskvītkūka BALCONI ar zemeņu-jogurta pildījumu 280g",
    "productPriceOld": null,
    "productPrice": {
      "value": 2.99,
      "unit": "€"
    },
    "productPricePerUnit": {
      "value": 10.68,
      "unit": "€/kg"
    },
    "productPriceWithLoyaltyCard": null,
    "productPricePerUnitWithLoyaltyCard": null,
    "imageUrl": "https://cdn.barbora.lv/products/f9a5b366-e7e1-4c8b-b6d0-c5e27606ad55_s.png",
    "available": true,
    "discount": null
  },
  {
    "shop": "MAXIMA",
    "categories": [
      1,
      1001,
      1001001
    ],
    "productName": "Alus KASTEEL Donker 11% 0,33L D",
    "productPriceOld": null,
    "productPrice": {
      "value": 3.53,
      "unit": "€"
    },
    "productPricePerUnit": {
      "value": 10.7,
      "unit": "€/l"
    },
    "productPriceWithLoyaltyCard": null,
    "productPricePerUnitWithLoyaltyCard": null,
    "imageUrl": "https://cdn.barbora.lv/products/9e4f7ac4-ea51-47f4-8aa2-14040f37df4c_s.png",
    "available": true,
    "discount": null
  },
  {
    "shop": "MAXIMA",
    "categories": [
      1,
      1001,
      1001005
    ],
    "productName": "Alk.kokt.JACK DANIEL'S&Cola 5% 0,33L D",
    "productPriceOld": null,
    "productPrice": {
      "value": 3.53,
      "unit": "€"
    },
    "productPricePerUnit": {
      "value": 10.7,
      "unit": "€/l"
    },
    "productPriceWithLoyaltyCard": null,
    "productPricePerUnitWithLoyaltyCard": null,
    "imageUrl": "https://cdn.barbora.lv/products/ebbaca7e-0dde-4032-a11d-af08bf74c0dc_s.png",
    "available": true,
    "discount": null
  },
  {
    "shop": "MAXIMA",
    "categories": [
      1,
      1001,
      1001005
    ],
    "productName": "Alk.k.JACK DANIEL'S&Cola Zero 5% 0,33L D",
    "productPriceOld": null,
    "productPrice": {
      "value": 3.53,
      "unit": "€"
    },
    "productPricePerUnit": {
      "value": 10.7,
      "unit": "€/l"
    },
    "productPriceWithLoyaltyCard": null,
    "productPricePerUnitWithLoyaltyCard": null,
    "imageUrl": "https://cdn.barbora.lv/products/65c55650-afb4-429e-9e18-a916d20006f0_s.png",
    "available": true,
    "discount": null
  },
  {
    "shop": "MAXIMA",
    "categories": [
      2,
      2005
    ],
    "productName": "Kūciņas Pārsla MEISTARA MARKA 270g",
    "productPriceOld": {
      "value": 3.59,
      "unit": "€"
    },
    "productPrice": {
      "value": 2.89,
      "unit": "€"
    },
    "productPricePerUnit": {
      "value": 10.71,
      "unit": "€/kg"
    },
    "productPriceWithLoyaltyCard": null,
    "productPricePerUnitWithLoyaltyCard": null,
    "imageUrl": "https://cdn.barbora.lv/products/81441af1-1849-4cac-97bd-fe4f7b61aab7_s.png",
    "available": true,
    "discount": 19
  },
  {
    "shop": "RIMI",
    "categories": [
      2,
      2001,
      20010015
    ],
    "productName": "Ķiploku grauzdiņi gardā zacīte 200g",
    "productPriceOld": null,
    "productPrice": {
      "value": 2.15,
      "unit": "€/gab"
    },
    "productPricePerUnit": {
      "value": 10.75,
      "unit": "€/kg"
    },
    "productPriceWithLoyaltyCard": null,
    "productPricePerUnitWithLoyaltyCard": null,
    "imageUrl": "https://rimibaltic-res.cloudinary.com/image/upload/d_ecommerce:backend-fallback.png/MAT_902733_PCE_LV",
    "available": true,
    "discount": null
  },
  {
    "shop": "MAXIMA",
    "categories": [
      1,
      1001,
      1001001
    ],
    "productName": "Alus VALMIERMUIŽA dubulais tumšais 8%0,7L D",
    "productPriceOld": null,
    "productPrice": {
      "value": 7.54,
      "unit": "€"
    },
    "productPricePerUnit": {
      "value": 10.77,
      "unit": "€/l"
    },
    "productPriceWithLoyaltyCard": null,
    "productPricePerUnitWithLoyaltyCard": null,
    "imageUrl": "https://cdn.barbora.lv/products/8a46c26c-7a11-4e19-8aff-82f790dafafe_s.png",
    "available": true,
    "discount": null
  },
  {
    "shop": "RIMI",
    "categories": [
      2,
      2002
    ],
    "productName": "Torte plūmju pēc franču receptes 1kg",
    "productPriceOld": null,
    "productPrice": {
      "value": 10.79,
      "unit": "€/gab"
    },
    "productPricePerUnit": {
      "value": 10.79,
      "unit": "€/kg"
    },
    "productPriceWithLoyaltyCard": null,
    "productPricePerUnitWithLoyaltyCard": null,
    "imageUrl": "https://rimibaltic-res.cloudinary.com/image/upload/d_ecommerce:backend-fallback.png/MAT_284827_PCE_LV",
    "available": true,
    "discount": null
  },
  {
    "shop": "RIMI",
    "categories": [
      2,
      2002
    ],
    "productName": "Torte Pellija Karaliene 1kg",
    "productPriceOld": null,
    "productPrice": {
      "value": 10.79,
      "unit": "€/gab"
    },
    "productPricePerUnit": {
      "value": 10.79,
      "unit": "€/kg"
    },
    "productPriceWithLoyaltyCard": null,
    "productPricePerUnitWithLoyaltyCard": null,
    "imageUrl": "https://rimibaltic-res.cloudinary.com/image/upload/d_ecommerce:backend-fallback.png/MAT_278327_PCE_LV",
    "available": true,
    "discount": null
  },
  {
    "shop": "RIMI",
    "categories": [
      1,
      1001,
      1001003
    ],
    "productName": "Granātābolu vīns Vedi-Alco 12% 0,75l",
    "productPriceOld": null,
    "productPrice": {
      "value": 8.09,
      "unit": "€/gab"
    },
    "productPricePerUnit": {
      "value": 10.79,
      "unit": "€/l"
    },
    "productPriceWithLoyaltyCard": null,
    "productPricePerUnitWithLoyaltyCard": null,
    "imageUrl": "https://rimibaltic-res.cloudinary.com/image/upload/d_ecommerce:backend-fallback.png/MAT_7163834_PCE_LV",
    "available": true,
    "discount": null
  },
  {
    "shop": "RIMI",
    "categories": [
      1,
      1001,
      1001003
    ],
    "productName": "Dab. granātābolu vīns Vedi-Alco 12% 0,75l",
    "productPriceOld": null,
    "productPrice": {
      "value": 8.09,
      "unit": "€/gab"
    },
    "productPricePerUnit": {
      "value": 10.79,
      "unit": "€/l"
    },
    "productPriceWithLoyaltyCard": null,
    "productPricePerUnitWithLoyaltyCard": null,
    "imageUrl": "https://rimibaltic-res.cloudinary.com/image/upload/d_ecommerce:backend-fallback.png/MAT_7251667_PCE_LV",
    "available": true,
    "discount": null
  },
  {
    "shop": "MAXIMA",
    "categories": [
      1,
      1001,
      1001003
    ],
    "productName": "Dzirkst. vīns NUA LAMBRUSCO 8% 0,75L",
    "productPriceOld": null,
    "productPrice": {
      "value": 8.09,
      "unit": "€"
    },
    "productPricePerUnit": {
      "value": 10.79,
      "unit": "€/l"
    },
    "productPriceWithLoyaltyCard": null,
    "productPricePerUnitWithLoyaltyCard": null,
    "imageUrl": "https://cdn.barbora.lv/products/7d8712b8-b321-4467-9a09-bfda3e35ce33_s.png",
    "available": true,
    "discount": null
  },
  {
    "shop": "RIMI",
    "categories": [
      2,
      2001,
      20010015
    ],
    "productName": "Maizes stienīši Gualino sezama 125g",
    "productPriceOld": null,
    "productPrice": {
      "value": 1.35,
      "unit": "€/gab"
    },
    "productPricePerUnit": {
      "value": 10.8,
      "unit": "€/kg"
    },
    "productPriceWithLoyaltyCard": null,
    "productPricePerUnitWithLoyaltyCard": null,
    "imageUrl": "https://rimibaltic-res.cloudinary.com/image/upload/d_ecommerce:backend-fallback.png/MAT_919899_PCE_LV",
    "available": true,
    "discount": null
  },
  {
    "shop": "MAXIMA",
    "categories": [
      1,
      1001,
      1001001
    ],
    "productName": "Alus VALMIERMUIŽA imperial stauts 10%0,7L D",
    "productPriceOld": null,
    "productPrice": {
      "value": 7.56,
      "unit": "€"
    },
    "productPricePerUnit": {
      "value": 10.8,
      "unit": "€/l"
    },
    "productPriceWithLoyaltyCard": null,
    "productPricePerUnitWithLoyaltyCard": null,
    "imageUrl": "https://cdn.barbora.lv/products/1af7e5c9-981b-447a-9b49-0026a250b265_s.png",
    "available": true,
    "discount": null
  },
  {
    "shop": "RIMI",
    "categories": [
      2,
      2005
    ],
    "productName": "Kūka Kūko marakujas 350g",
    "productPriceOld": {
      "value": 4.59,
      "unit": "€"
    },
    "productPrice": {
      "value": 3.79,
      "unit": "€/gab"
    },
    "productPricePerUnit": {
      "value": 10.83,
      "unit": "€/kg"
    },
    "productPriceWithLoyaltyCard": null,
    "productPricePerUnitWithLoyaltyCard": null,
    "imageUrl": "https://rimibaltic-res.cloudinary.com/image/upload/d_ecommerce:backend-fallback.png/MAT_4001120_PCE_LV",
    "available": true,
    "discount": 17
  },
  {
    "shop": "RIMI",
    "categories": [
      2,
      2001,
      20010015
    ],
    "productName": "Barankas saldās 350g",
    "productPriceOld": null,
    "productPrice": {
      "value": 3.79,
      "unit": "€/gab"
    },
    "productPricePerUnit": {
      "value": 10.83,
      "unit": "€/kg"
    },
    "productPriceWithLoyaltyCard": null,
    "productPricePerUnitWithLoyaltyCard": null,
    "imageUrl": "https://rimibaltic-res.cloudinary.com/image/upload/d_ecommerce:backend-fallback.png/MAT_900660_PCE_LV",
    "available": true,
    "discount": null
  },
  {
    "shop": "MAXIMA",
    "categories": [
      2,
      20010
    ],
    "productName": "Pīrādziņš Buljona 60g",
    "productPriceOld": null,
    "productPrice": {
      "value": 0.65,
      "unit": "€"
    },
    "productPricePerUnit": {
      "value": 10.83,
      "unit": "€/kg"
    },
    "productPriceWithLoyaltyCard": null,
    "productPricePerUnitWithLoyaltyCard": null,
    "imageUrl": "https://cdn.barbora.lv/products/8215c246-2aed-4d5e-8209-7f400b59d71d_s.png",
    "available": true,
    "discount": null
  },
  {
    "shop": "MAXIMA",
    "categories": [
      1,
      1001,
      1001003
    ],
    "productName": "Dzirk.vīns PATRIARCHE HER.BRUT 11% 0,75L",
    "productPriceOld": null,
    "productPrice": {
      "value": 8.13,
      "unit": "€"
    },
    "productPricePerUnit": {
      "value": 10.84,
      "unit": "€/l"
    },
    "productPriceWithLoyaltyCard": null,
    "productPricePerUnitWithLoyaltyCard": null,
    "imageUrl": "https://cdn.barbora.lv/products/dd2059ee-67c0-4383-924a-12621dc90eb9_s.png",
    "available": true,
    "discount": null
  },
  {
    "shop": "MAXIMA",
    "categories": [
      1,
      1001,
      1001003
    ],
    "productName": "Dzirkst.vīns PATRIARCHE SWEET 11% 0,75L",
    "productPriceOld": null,
    "productPrice": {
      "value": 8.13,
      "unit": "€"
    },
    "productPricePerUnit": {
      "value": 10.84,
      "unit": "€/l"
    },
    "productPriceWithLoyaltyCard": null,
    "productPricePerUnitWithLoyaltyCard": null,
    "imageUrl": "https://cdn.barbora.lv/products/cec41bb2-e53b-4676-a1c1-6b2ca456f167_s.png",
    "available": true,
    "discount": null
  },
  {
    "shop": "MAXIMA",
    "categories": [
      1,
      1001,
      1001005
    ],
    "productName": "Alk.kokt.BACARDI B.Waterm.4% 0,275L D",
    "productPriceOld": null,
    "productPrice": {
      "value": 2.99,
      "unit": "€"
    },
    "productPricePerUnit": {
      "value": 10.87,
      "unit": "€/l"
    },
    "productPriceWithLoyaltyCard": null,
    "productPricePerUnitWithLoyaltyCard": null,
    "imageUrl": "https://cdn.barbora.lv/products/8ad265f9-12e9-4e6b-85d5-16c9f1ed746c_s.png",
    "available": true,
    "discount": null
  },
  {
    "shop": "MAXIMA",
    "categories": [
      1,
      1001,
      1001005
    ],
    "productName": "Alk.kokt.BACARDI Breezer Lime 4% 0,275L",
    "productPriceOld": null,
    "productPrice": {
      "value": 2.99,
      "unit": "€"
    },
    "productPricePerUnit": {
      "value": 10.87,
      "unit": "€/l"
    },
    "productPriceWithLoyaltyCard": null,
    "productPricePerUnitWithLoyaltyCard": null,
    "imageUrl": "https://cdn.barbora.lv/products/b77c01f7-3321-49f6-8048-619585d8d1b5_s.png",
    "available": true,
    "discount": null
  },
  {
    "shop": "MAXIMA",
    "categories": [
      1,
      1001,
      1001003
    ],
    "productName": "Vīns POMEGRANATE 12,5% 0,75L",
    "productPriceOld": null,
    "productPrice": {
      "value": 8.15,
      "unit": "€"
    },
    "productPricePerUnit": {
      "value": 10.87,
      "unit": "€/l"
    },
    "productPriceWithLoyaltyCard": null,
    "productPricePerUnitWithLoyaltyCard": null,
    "imageUrl": "https://cdn.barbora.lv/products/60007008-e37d-40dd-a7a9-f39897e49365_s.png",
    "available": true,
    "discount": null
  },
  {
    "shop": "MAXIMA",
    "categories": [
      2,
      20011
    ],
    "productName": "Smalkmaizīte ROZĪŅU COPĪTE 45g",
    "productPriceOld": null,
    "productPrice": {
      "value": 0.49,
      "unit": "€"
    },
    "productPricePerUnit": {
      "value": 10.89,
      "unit": "€/kg"
    },
    "productPriceWithLoyaltyCard": null,
    "productPricePerUnitWithLoyaltyCard": null,
    "imageUrl": "https://cdn.barbora.lv/products/079a3ac7-e725-4720-bf4a-86f1218e6d1d_s.png",
    "available": true,
    "discount": null
  },
  {
    "shop": "RIMI",
    "categories": [
      2,
      2001,
      20010014
    ],
    "productName": "Griķu sausmaizītes 155g",
    "productPriceOld": {
      "value": 1.99,
      "unit": "€"
    },
    "productPrice": {
      "value": 1.69,
      "unit": "€/gab"
    },
    "productPricePerUnit": {
      "value": 10.9,
      "unit": "€/kg"
    },
    "productPriceWithLoyaltyCard": null,
    "productPricePerUnitWithLoyaltyCard": null,
    "imageUrl": "https://rimibaltic-res.cloudinary.com/image/upload/d_ecommerce:backend-fallback.png/MAT_950453_PCE_LV",
    "available": true,
    "discount": 15
  },
  {
    "shop": "MAXIMA",
    "categories": [
      2,
      2001,
      20010014
    ],
    "productName": "Sausmaizītes griķu Mario 155g",
    "productPriceOld": {
      "value": 1.99,
      "unit": "€"
    },
    "productPrice": {
      "value": 1.99,
      "unit": "€"
    },
    "productPricePerUnit": {
      "value": 12.84,
      "unit": "€/kg"
    },
    "productPriceWithLoyaltyCard": {
      "value": 1.69,
      "unit": "€"
    },
    "productPricePerUnitWithLoyaltyCard": {
      "value": 10.9,
      "unit": "€/kg"
    },
    "imageUrl": "https://cdn.barbora.lv/products/d2e60348-dea7-4000-8c2d-c927adbd8399_s.png",
    "available": true,
    "discount": 15
  },
  {
    "shop": "RIMI",
    "categories": [
      1,
      1001,
      1001003
    ],
    "productName": "S.v. Comte Dumas Bordeaux Merlot 13,5% 0,75l",
    "productPriceOld": null,
    "productPrice": {
      "value": 8.19,
      "unit": "€/gab"
    },
    "productPricePerUnit": {
      "value": 10.92,
      "unit": "€/l"
    },
    "productPriceWithLoyaltyCard": null,
    "productPricePerUnitWithLoyaltyCard": null,
    "imageUrl": "https://rimibaltic-res.cloudinary.com/image/upload/d_ecommerce:backend-fallback.png/MAT_7086735_PCE_LV",
    "available": true,
    "discount": null
  },
  {
    "shop": "RIMI",
    "categories": [
      1,
      1001,
      1001003
    ],
    "productName": "B.v. Comte Dumas Bordeaux 13% 0,75l",
    "productPriceOld": null,
    "productPrice": {
      "value": 8.19,
      "unit": "€/gab"
    },
    "productPricePerUnit": {
      "value": 10.92,
      "unit": "€/l"
    },
    "productPriceWithLoyaltyCard": null,
    "productPricePerUnitWithLoyaltyCard": null,
    "imageUrl": "https://rimibaltic-res.cloudinary.com/image/upload/d_ecommerce:backend-fallback.png/MAT_7086737_PCE_LV",
    "available": true,
    "discount": null
  },
  {
    "shop": "RIMI",
    "categories": [
      1,
      1001,
      1001003
    ],
    "productName": "Rozā v. Comte Dumas Bordeaux sauss 12% 0,75l",
    "productPriceOld": null,
    "productPrice": {
      "value": 8.19,
      "unit": "€/gab"
    },
    "productPricePerUnit": {
      "value": 10.92,
      "unit": "€/l"
    },
    "productPriceWithLoyaltyCard": null,
    "productPricePerUnitWithLoyaltyCard": null,
    "imageUrl": "https://rimibaltic-res.cloudinary.com/image/upload/d_ecommerce:backend-fallback.png/MAT_7300446_PCE_LV",
    "available": true,
    "discount": null
  },
  {
    "shop": "RIMI",
    "categories": [
      1,
      1001,
      1001003
    ],
    "productName": "Dzirkstošais vīns Lambrusco DOC 8% 0,75l",
    "productPriceOld": null,
    "productPrice": {
      "value": 8.19,
      "unit": "€/gab"
    },
    "productPricePerUnit": {
      "value": 10.92,
      "unit": "€/l"
    },
    "productPriceWithLoyaltyCard": null,
    "productPricePerUnitWithLoyaltyCard": null,
    "imageUrl": "https://rimibaltic-res.cloudinary.com/image/upload/d_ecommerce:backend-fallback.png/MAT_460846_PCE_LV",
    "available": true,
    "discount": null
  },
  {
    "shop": "MAXIMA",
    "categories": [
      1,
      1001,
      1001003
    ],
    "productName": "Vīns CANTI Merlot 11,5% 0,75L",
    "productPriceOld": null,
    "productPrice": {
      "value": 8.19,
      "unit": "€"
    },
    "productPricePerUnit": {
      "value": 10.92,
      "unit": "€/l"
    },
    "productPriceWithLoyaltyCard": null,
    "productPricePerUnitWithLoyaltyCard": null,
    "imageUrl": "https://cdn.barbora.lv/products/e380e8b9-ce67-48b8-a8e3-4809824d559f_s.png",
    "available": true,
    "discount": null
  },
  {
    "shop": "MAXIMA",
    "categories": [
      1,
      1001,
      1001003
    ],
    "productName": "Vīns J.P.CHENET Merlot 13% 0,75L",
    "productPriceOld": null,
    "productPrice": {
      "value": 8.19,
      "unit": "€"
    },
    "productPricePerUnit": {
      "value": 10.92,
      "unit": "€/l"
    },
    "productPriceWithLoyaltyCard": null,
    "productPricePerUnitWithLoyaltyCard": null,
    "imageUrl": "https://cdn.barbora.lv/products/6d1af140-3b50-4a09-89a1-cebfa900e9da_s.png",
    "available": true,
    "discount": null
  },
  {
    "shop": "MAXIMA",
    "categories": [
      1,
      1001,
      1001003
    ],
    "productName": "Vīns SANTA RITA 120 C.S.ROSE 12,5%0,75L",
    "productPriceOld": null,
    "productPrice": {
      "value": 8.19,
      "unit": "€"
    },
    "productPricePerUnit": {
      "value": 10.92,
      "unit": "€/l"
    },
    "productPriceWithLoyaltyCard": null,
    "productPricePerUnitWithLoyaltyCard": null,
    "imageUrl": "https://cdn.barbora.lv/products/251ae733-339b-4e7d-a897-37b67ce8043c_s.png",
    "available": true,
    "discount": null
  },
  {
    "shop": "MAXIMA",
    "categories": [
      1,
      1001,
      1001003
    ],
    "productName": "Vīns SANTA RITA 120 Carmenere 13% 0,75L",
    "productPriceOld": null,
    "productPrice": {
      "value": 8.19,
      "unit": "€"
    },
    "productPricePerUnit": {
      "value": 10.92,
      "unit": "€/l"
    },
    "productPriceWithLoyaltyCard": null,
    "productPricePerUnitWithLoyaltyCard": null,
    "imageUrl": "https://cdn.barbora.lv/products/3b8646f5-47ba-445c-b4e6-1f78a4c11496_s.png",
    "available": true,
    "discount": null
  },
  {
    "shop": "MAXIMA",
    "categories": [
      1,
      1001,
      1001003
    ],
    "productName": "Vīns SANTA RITA 120 Chardonnay 13% 0,75L",
    "productPriceOld": null,
    "productPrice": {
      "value": 8.19,
      "unit": "€"
    },
    "productPricePerUnit": {
      "value": 10.92,
      "unit": "€/l"
    },
    "productPriceWithLoyaltyCard": null,
    "productPricePerUnitWithLoyaltyCard": null,
    "imageUrl": "https://cdn.barbora.lv/products/16d3e2f6-a792-4a90-95d8-f15fa6716bde_s.png",
    "available": true,
    "discount": null
  },
  {
    "shop": "MAXIMA",
    "categories": [
      1,
      1001,
      1001003
    ],
    "productName": "Vīns SANTA RITA 120 CAB.SAUV.13% 0,75L",
    "productPriceOld": null,
    "productPrice": {
      "value": 8.19,
      "unit": "€"
    },
    "productPricePerUnit": {
      "value": 10.92,
      "unit": "€/l"
    },
    "productPriceWithLoyaltyCard": null,
    "productPricePerUnitWithLoyaltyCard": null,
    "imageUrl": "https://cdn.barbora.lv/products/691483e2-8fbf-4b5e-b6db-4e475da7dc77_s.png",
    "available": true,
    "discount": null
  },
  {
    "shop": "MAXIMA",
    "categories": [
      1,
      1001,
      1001003
    ],
    "productName": "Vīns CANTI Chardonnay 11,5% 0,75L",
    "productPriceOld": null,
    "productPrice": {
      "value": 8.19,
      "unit": "€"
    },
    "productPricePerUnit": {
      "value": 10.92,
      "unit": "€/l"
    },
    "productPriceWithLoyaltyCard": null,
    "productPricePerUnitWithLoyaltyCard": null,
    "imageUrl": "https://cdn.barbora.lv/products/0e54f722-2ad8-44d7-a36e-4d4aac961d79_s.png",
    "available": true,
    "discount": null
  },
  {
    "shop": "MAXIMA",
    "categories": [
      1,
      1001,
      1001003
    ],
    "productName": "Vīns SANTA RITA 120 MERLOT 13% 0,75L",
    "productPriceOld": null,
    "productPrice": {
      "value": 8.19,
      "unit": "€"
    },
    "productPricePerUnit": {
      "value": 10.92,
      "unit": "€/l"
    },
    "productPriceWithLoyaltyCard": null,
    "productPricePerUnitWithLoyaltyCard": null,
    "imageUrl": "https://cdn.barbora.lv/products/eff904d4-4803-48c8-bc1b-03505b31d4ee_s.png",
    "available": true,
    "discount": null
  },
  {
    "shop": "RIMI",
    "categories": [
      2,
      2001,
      2001004
    ],
    "productName": "Rudzu sausmaizītes Fazer Crisp 200g",
    "productPriceOld": null,
    "productPrice": {
      "value": 2.19,
      "unit": "€/gab"
    },
    "productPricePerUnit": {
      "value": 10.95,
      "unit": "€/kg"
    },
    "productPriceWithLoyaltyCard": null,
    "productPricePerUnitWithLoyaltyCard": null,
    "imageUrl": "https://rimibaltic-res.cloudinary.com/image/upload/d_ecommerce:backend-fallback.png/MAT_109473_PCE_LV",
    "available": true,
    "discount": null
  },
  {
    "shop": "MAXIMA",
    "categories": [
      1,
      1001,
      1001004
    ],
    "productName": "Dz.vīns La Buona Vita Prosecco 11% 0,2L",
    "productPriceOld": {
      "value": 3.25,
      "unit": "€"
    },
    "productPrice": {
      "value": 3.25,
      "unit": "€"
    },
    "productPricePerUnit": {
      "value": 16.25,
      "unit": "€/l"
    },
    "productPriceWithLoyaltyCard": {
      "value": 2.19,
      "unit": "€"
    },
    "productPricePerUnitWithLoyaltyCard": {
      "value": 10.95,
      "unit": "€/l"
    },
    "imageUrl": "https://cdn.barbora.lv/products/0ea83aba-82ba-4228-a74e-b52160087435_s.png",
    "available": true,
    "discount": 33
  },
  {
    "shop": "MAXIMA",
    "categories": [
      1,
      1001,
      1001003
    ],
    "productName": "Vīns REGGIANO LAMBRUSCO DOLCE 8,5% 0,75L",
    "productPriceOld": null,
    "productPrice": {
      "value": 8.21,
      "unit": "€"
    },
    "productPricePerUnit": {
      "value": 10.95,
      "unit": "€/l"
    },
    "productPriceWithLoyaltyCard": null,
    "productPricePerUnitWithLoyaltyCard": null,
    "imageUrl": "https://cdn.barbora.lv/products/5de998b9-7c34-4d4e-a70a-f01611f505db_s.png",
    "available": true,
    "discount": null
  },
  {
    "shop": "MAXIMA",
    "categories": [
      2,
      2001,
      20010014
    ],
    "productName": "Sausmaizītes FINN CRISP ORIGINAL plānās 200g",
    "productPriceOld": null,
    "productPrice": {
      "value": 2.19,
      "unit": "€"
    },
    "productPricePerUnit": {
      "value": 10.95,
      "unit": "€/kg"
    },
    "productPriceWithLoyaltyCard": null,
    "productPricePerUnitWithLoyaltyCard": null,
    "imageUrl": "https://cdn.barbora.lv/products/f9a34f67-ff89-4237-b340-fec85c4a8422_s.png",
    "available": true,
    "discount": null
  },
  {
    "shop": "MAXIMA",
    "categories": [
      2,
      2001,
      2001004
    ],
    "productName": "Sausmaizītes FAZER CRISP rudzu 200g",
    "productPriceOld": null,
    "productPrice": {
      "value": 2.19,
      "unit": "€"
    },
    "productPricePerUnit": {
      "value": 10.95,
      "unit": "€/kg"
    },
    "productPriceWithLoyaltyCard": null,
    "productPricePerUnitWithLoyaltyCard": null,
    "imageUrl": "https://cdn.barbora.lv/products/4d5e7054-f256-4294-9c6a-290d854361c8_s.png",
    "available": true,
    "discount": null
  },
  {
    "shop": "MAXIMA",
    "categories": [
      2,
      2001,
      20010014
    ],
    "productName": "Sausmaizītes FINN CRISP tradicionālās 200g",
    "productPriceOld": null,
    "productPrice": {
      "value": 2.19,
      "unit": "€"
    },
    "productPricePerUnit": {
      "value": 10.95,
      "unit": "€/kg"
    },
    "productPriceWithLoyaltyCard": null,
    "productPricePerUnitWithLoyaltyCard": null,
    "imageUrl": "https://cdn.barbora.lv/products/d7c139b3-697e-4145-adaa-a5717a807baa_s.png",
    "available": true,
    "discount": null
  },
  {
    "shop": "RIMI",
    "categories": [
      2,
      2005
    ],
    "productName": "Kūka Napoleons 1,2 kg",
    "productPriceOld": null,
    "productPrice": {
      "value": 13.15,
      "unit": "€/gab"
    },
    "productPricePerUnit": {
      "value": 10.96,
      "unit": "€/kg"
    },
    "productPriceWithLoyaltyCard": null,
    "productPricePerUnitWithLoyaltyCard": null,
    "imageUrl": "https://rimibaltic-res.cloudinary.com/image/upload/d_ecommerce:backend-fallback.png/MAT_912575_PCE_LV",
    "available": true,
    "discount": null
  },
  {
    "shop": "MAXIMA",
    "categories": [
      2,
      2007
    ],
    "productName": "Mafini ZAFIRA ar augļu želejas gabaliņiem 300g",
    "productPriceOld": null,
    "productPrice": {
      "value": 3.29,
      "unit": "€"
    },
    "productPricePerUnit": {
      "value": 10.97,
      "unit": "€/kg"
    },
    "productPriceWithLoyaltyCard": null,
    "productPricePerUnitWithLoyaltyCard": null,
    "imageUrl": "https://cdn.barbora.lv/products/f38f9c7b-f7df-4b66-9d59-bd4b9b0a654a_s.png",
    "available": true,
    "discount": null
  },
  {
    "shop": "MAXIMA",
    "categories": [
      2,
      2002
    ],
    "productName": "Torte biezpiena ar ķiršiem SMILTENE 500g",
    "productPriceOld": null,
    "productPrice": {
      "value": 5.49,
      "unit": "€"
    },
    "productPricePerUnit": {
      "value": 10.98,
      "unit": "€/kg"
    },
    "productPriceWithLoyaltyCard": null,
    "productPricePerUnitWithLoyaltyCard": null,
    "imageUrl": "https://cdn.barbora.lv/products/805ff3d8-931a-4fb1-a5fc-490e7d5e6ddb_s.png",
    "available": true,
    "discount": null
  },
  {
    "shop": "MAXIMA",
    "categories": [
      2,
      2002
    ],
    "productName": "Torte biezp. ar mellenēm SMILTENE 500g",
    "productPriceOld": null,
    "productPrice": {
      "value": 5.49,
      "unit": "€"
    },
    "productPricePerUnit": {
      "value": 10.98,
      "unit": "€/kg"
    },
    "productPriceWithLoyaltyCard": null,
    "productPricePerUnitWithLoyaltyCard": null,
    "imageUrl": "https://cdn.barbora.lv/products/ff553ddf-f07c-4dd1-903a-72376286155f_s.png",
    "available": true,
    "discount": null
  },
  {
    "shop": "RIMI",
    "categories": [
      2,
      2005
    ],
    "productName": "Kūka medus 1kg",
    "productPriceOld": null,
    "productPrice": {
      "value": 10.99,
      "unit": "€/gab"
    },
    "productPricePerUnit": {
      "value": 10.99,
      "unit": "€/kg"
    },
    "productPriceWithLoyaltyCard": null,
    "productPricePerUnitWithLoyaltyCard": null,
    "imageUrl": "https://rimibaltic-res.cloudinary.com/image/upload/d_ecommerce:backend-fallback.png/MAT_294363_PCE_LV",
    "available": true,
    "discount": null
  },
  {
    "shop": "RIMI",
    "categories": [
      2,
      2002
    ],
    "productName": "Torte biezpiena Pellija ar ķiršiem 1kg",
    "productPriceOld": null,
    "productPrice": {
      "value": 10.99,
      "unit": "€/gab"
    },
    "productPricePerUnit": {
      "value": 10.99,
      "unit": "€/kg"
    },
    "productPriceWithLoyaltyCard": null,
    "productPricePerUnitWithLoyaltyCard": null,
    "imageUrl": "https://rimibaltic-res.cloudinary.com/image/upload/d_ecommerce:backend-fallback.png/MAT_287683_PCE_LV",
    "available": true,
    "discount": null
  },
  {
    "shop": "RIMI",
    "categories": [
      2,
      2002
    ],
    "productName": "Torte krējuma Pellija Umka 1kg",
    "productPriceOld": null,
    "productPrice": {
      "value": 10.99,
      "unit": "€/gab"
    },
    "productPricePerUnit": {
      "value": 10.99,
      "unit": "€/kg"
    },
    "productPriceWithLoyaltyCard": null,
    "productPricePerUnitWithLoyaltyCard": null,
    "imageUrl": "https://rimibaltic-res.cloudinary.com/image/upload/d_ecommerce:backend-fallback.png/MAT_274883_PCE_LV",
    "available": true,
    "discount": null
  },
  {
    "shop": "RIMI",
    "categories": [
      2,
      2002
    ],
    "productName": "Torte Tedijs 1kg",
    "productPriceOld": null,
    "productPrice": {
      "value": 10.99,
      "unit": "€/gab"
    },
    "productPricePerUnit": {
      "value": 10.99,
      "unit": "€/kg"
    },
    "productPriceWithLoyaltyCard": null,
    "productPricePerUnitWithLoyaltyCard": null,
    "imageUrl": "https://rimibaltic-res.cloudinary.com/image/upload/d_ecommerce:backend-fallback.png/MAT_287129_PCE_LV",
    "available": true,
    "discount": null
  },
  {
    "shop": "RIMI",
    "categories": [
      1,
      1001,
      1001006
    ],
    "productName": "Vermuts Martini Rosso 15% 1l",
    "productPriceOld": null,
    "productPrice": {
      "value": 15.69,
      "unit": "€/gab"
    },
    "productPricePerUnit": {
      "value": 15.69,
      "unit": "€/l"
    },
    "productPriceWithLoyaltyCard": {
      "value": 10.99,
      "unit": "€"
    },
    "productPricePerUnitWithLoyaltyCard": {
      "value": 10.99,
      "unit": "€/l"
    },
    "imageUrl": "https://rimibaltic-res.cloudinary.com/image/upload/d_ecommerce:backend-fallback.png/MAT_101479_PCE_LV",
    "available": true,
    "discount": 30
  },
  {
    "shop": "RIMI",
    "categories": [
      1,
      1001,
      1001006
    ],
    "productName": "Vermuts Martini Bianco 15% 1l",
    "productPriceOld": null,
    "productPrice": {
      "value": 15.69,
      "unit": "€/gab"
    },
    "productPricePerUnit": {
      "value": 15.69,
      "unit": "€/l"
    },
    "productPriceWithLoyaltyCard": {
      "value": 10.99,
      "unit": "€"
    },
    "productPricePerUnitWithLoyaltyCard": {
      "value": 10.99,
      "unit": "€/l"
    },
    "imageUrl": "https://rimibaltic-res.cloudinary.com/image/upload/d_ecommerce:backend-fallback.png/MAT_101750_PCE_LV",
    "available": true,
    "discount": 30
  },
  {
    "shop": "RIMI",
    "categories": [
      1,
      1001,
      1001006
    ],
    "productName": "Vermuts Martini Extra Dry 15% 1l",
    "productPriceOld": null,
    "productPrice": {
      "value": 15.69,
      "unit": "€/gab"
    },
    "productPricePerUnit": {
      "value": 15.69,
      "unit": "€/l"
    },
    "productPriceWithLoyaltyCard": {
      "value": 10.99,
      "unit": "€"
    },
    "productPricePerUnitWithLoyaltyCard": {
      "value": 10.99,
      "unit": "€/l"
    },
    "imageUrl": "https://rimibaltic-res.cloudinary.com/image/upload/d_ecommerce:backend-fallback.png/MAT_101478_PCE_LV",
    "available": true,
    "discount": 30
  },
  {
    "shop": "RIMI",
    "categories": [
      1,
      1001,
      1001006
    ],
    "productName": "Vermut Martini Fiero 14,9%vol 1l",
    "productPriceOld": null,
    "productPrice": {
      "value": 15.69,
      "unit": "€/gab"
    },
    "productPricePerUnit": {
      "value": 15.69,
      "unit": "€/l"
    },
    "productPriceWithLoyaltyCard": {
      "value": 10.99,
      "unit": "€"
    },
    "productPricePerUnitWithLoyaltyCard": {
      "value": 10.99,
      "unit": "€/l"
    },
    "imageUrl": "https://rimibaltic-res.cloudinary.com/image/upload/d_ecommerce:backend-fallback.png/MAT_7231724_PCE_LV",
    "available": true,
    "discount": 30
  },
  {
    "shop": "RIMI",
    "categories": [
      1,
      1001,
      1001006
    ],
    "productName": "Vermuts Martini Extra Dry 15% 1l",
    "productPriceOld": null,
    "productPrice": {
      "value": 15.69,
      "unit": "€/gab"
    },
    "productPricePerUnit": {
      "value": 15.69,
      "unit": "€/l"
    },
    "productPriceWithLoyaltyCard": {
      "value": 10.99,
      "unit": "€"
    },
    "productPricePerUnitWithLoyaltyCard": {
      "value": 10.99,
      "unit": "€/l"
    },
    "imageUrl": "https://rimibaltic-res.cloudinary.com/image/upload/d_ecommerce:backend-fallback.png/MAT_101478_PCE_LV",
    "available": true,
    "discount": 30
  },
  {
    "shop": "RIMI",
    "categories": [
      1,
      1001,
      1001006
    ],
    "productName": "Vermut Martini Fiero 14,9%vol 1l",
    "productPriceOld": null,
    "productPrice": {
      "value": 15.69,
      "unit": "€/gab"
    },
    "productPricePerUnit": {
      "value": 15.69,
      "unit": "€/l"
    },
    "productPriceWithLoyaltyCard": {
      "value": 10.99,
      "unit": "€"
    },
    "productPricePerUnitWithLoyaltyCard": {
      "value": 10.99,
      "unit": "€/l"
    },
    "imageUrl": "https://rimibaltic-res.cloudinary.com/image/upload/d_ecommerce:backend-fallback.png/MAT_7231724_PCE_LV",
    "available": true,
    "discount": 30
  },
  {
    "shop": "MAXIMA",
    "categories": [
      2,
      2004
    ],
    "productName": "Sviesta kruasāns ar šķiņķi un sieru 81g",
    "productPriceOld": null,
    "productPrice": {
      "value": 0.89,
      "unit": "€"
    },
    "productPricePerUnit": {
      "value": 10.99,
      "unit": "€/kg"
    },
    "productPriceWithLoyaltyCard": null,
    "productPricePerUnitWithLoyaltyCard": null,
    "imageUrl": "https://cdn.barbora.lv/products/eb92d2b8-44c6-4b6e-8ee8-bf6bdaa2a5f0_s.png",
    "available": true,
    "discount": null
  },
  {
    "shop": "MAXIMA",
    "categories": [
      2,
      2001,
      20010015
    ],
    "productName": "Mini picas ar gaļu MEISTARA MARKA kg",
    "productPriceOld": null,
    "productPrice": {
      "value": 10.99,
      "unit": "€"
    },
    "productPricePerUnit": {
      "value": 10.99,
      "unit": "€/kg"
    },
    "productPriceWithLoyaltyCard": null,
    "productPricePerUnitWithLoyaltyCard": null,
    "imageUrl": "https://cdn.barbora.lv/products/720b9723-6e09-4181-9c9a-cccc4dec6e21_s.png",
    "available": true,
    "discount": null
  },
  {
    "shop": "MAXIMA",
    "categories": [
      2,
      2005
    ],
    "productName": "Kūka Duets fas. MEISTARA MARKA kg",
    "productPriceOld": null,
    "productPrice": {
      "value": 10.99,
      "unit": "€"
    },
    "productPricePerUnit": {
      "value": 10.99,
      "unit": "€/kg"
    },
    "productPriceWithLoyaltyCard": null,
    "productPricePerUnitWithLoyaltyCard": null,
    "imageUrl": "https://cdn.barbora.lv/products/5e9c1bc5-da0c-445d-a584-e414f0b0e13b_s.png",
    "available": true,
    "discount": null
  },
  {
    "shop": "MAXIMA",
    "categories": [
      2,
      2002
    ],
    "productName": "Torte Banānu MEISTARA MARKA kg",
    "productPriceOld": null,
    "productPrice": {
      "value": 10.99,
      "unit": "€"
    },
    "productPricePerUnit": {
      "value": 10.99,
      "unit": "€/kg"
    },
    "productPriceWithLoyaltyCard": null,
    "productPricePerUnitWithLoyaltyCard": null,
    "imageUrl": "https://cdn.barbora.lv/products/48e256b4-0e54-434a-ac38-9bc87c5e5ecb_s.png",
    "available": true,
    "discount": null
  },
  {
    "shop": "MAXIMA",
    "categories": [
      2,
      2002
    ],
    "productName": "Torte Ķiršu Kaprīze MEISTARA MARKA kg",
    "productPriceOld": null,
    "productPrice": {
      "value": 10.99,
      "unit": "€"
    },
    "productPricePerUnit": {
      "value": 10.99,
      "unit": "€/kg"
    },
    "productPriceWithLoyaltyCard": null,
    "productPricePerUnitWithLoyaltyCard": null,
    "imageUrl": "https://cdn.barbora.lv/products/0a2fb4b1-8fe9-4474-8b3a-b156f6892444_s.png",
    "available": true,
    "discount": null
  },
  {
    "shop": "MAXIMA",
    "categories": [
      2,
      2002
    ],
    "productName": "Torte Biezpiena ar ķiršiem PELLIJA 1kg",
    "productPriceOld": null,
    "productPrice": {
      "value": 10.99,
      "unit": "€"
    },
    "productPricePerUnit": {
      "value": 10.99,
      "unit": "€/kg"
    },
    "productPriceWithLoyaltyCard": null,
    "productPricePerUnitWithLoyaltyCard": null,
    "imageUrl": "https://cdn.barbora.lv/products/98800c2b-dc41-480d-b4a2-6ee1d9ab94c2_s.png",
    "available": true,
    "discount": null
  },
  {
    "shop": "CITRO",
    "categories": [
      1,
      1001,
      1001003
    ],
    "productName": "VĪNS B. HXM RIESLING TROCKEN 11.5% 1L",
    "productPriceOld": null,
    "productPrice": null,
    "productPricePerUnit": {
      "value": 10.99,
      "unit": "€/L"
    },
    "productPriceWithLoyaltyCard": null,
    "productPricePerUnitWithLoyaltyCard": null,
    "imageUrl": "https://rezekne.citro.lv/wp-content/uploads/2023/03/4049366001043-300x300.jpg",
    "available": true,
    "discount": null
  },
  {
    "shop": "CITRO",
    "categories": [
      1,
      1001,
      1001003
    ],
    "productName": "VĪNS B. HXM RIESLING TROCKEN 11.5% 1L",
    "productPriceOld": null,
    "productPrice": null,
    "productPricePerUnit": {
      "value": 10.99,
      "unit": "€/L"
    },
    "productPriceWithLoyaltyCard": null,
    "productPricePerUnitWithLoyaltyCard": null,
    "imageUrl": "https://rezekne.citro.lv/wp-content/uploads/2023/03/4049366001043-300x300.jpg",
    "available": true,
    "discount": null
  },
  {
    "shop": "RIMI",
    "categories": [
      2,
      2001,
      20010015
    ],
    "productName": "Grauzdiņi Flint Craft ar Jerky garšu 90g",
    "productPriceOld": null,
    "productPrice": {
      "value": 0.99,
      "unit": "€/gab"
    },
    "productPricePerUnit": {
      "value": 11,
      "unit": "€/kg"
    },
    "productPriceWithLoyaltyCard": null,
    "productPricePerUnitWithLoyaltyCard": null,
    "imageUrl": "https://rimibaltic-res.cloudinary.com/image/upload/d_ecommerce:backend-fallback.png/MAT_4006182_PCE_LV",
    "available": true,
    "discount": null
  },
  {
    "shop": "RIMI",
    "categories": [
      1,
      1001,
      1001003
    ],
    "productName": "S.v. Portal S.Braz Alentejano 13,5% 0,75l",
    "productPriceOld": null,
    "productPrice": {
      "value": 8.25,
      "unit": "€/gab"
    },
    "productPricePerUnit": {
      "value": 11,
      "unit": "€/l"
    },
    "productPriceWithLoyaltyCard": null,
    "productPricePerUnitWithLoyaltyCard": null,
    "imageUrl": "https://rimibaltic-res.cloudinary.com/image/upload/d_ecommerce:backend-fallback.png/MAT_7220732_PCE_LV",
    "available": true,
    "discount": null
  },
  {
    "shop": "MAXIMA",
    "categories": [
      1,
      1001,
      1001003
    ],
    "productName": "Vīns PETER WEINBACH RIESL.MOS.10,5% 0,75",
    "productPriceOld": null,
    "productPrice": {
      "value": 8.25,
      "unit": "€"
    },
    "productPricePerUnit": {
      "value": 11,
      "unit": "€/l"
    },
    "productPriceWithLoyaltyCard": null,
    "productPricePerUnitWithLoyaltyCard": null,
    "imageUrl": "https://cdn.barbora.lv/products/5ffc2a89-e4b9-4f47-9540-d6702a94f9e7_s.png",
    "available": true,
    "discount": null
  },
  {
    "shop": "MAXIMA",
    "categories": [
      2,
      2007
    ],
    "productName": "Kēkss biezpiena atkausēts 90g",
    "productPriceOld": null,
    "productPrice": {
      "value": 0.99,
      "unit": "€"
    },
    "productPricePerUnit": {
      "value": 11,
      "unit": "€/kg"
    },
    "productPriceWithLoyaltyCard": null,
    "productPricePerUnitWithLoyaltyCard": null,
    "imageUrl": "https://cdn.barbora.lv/products/481f4ad5-0c24-48f8-b08f-4d1d4d2afa5a_s.png",
    "available": true,
    "discount": null
  },
  {
    "shop": "MAXIMA",
    "categories": [
      2,
      2007
    ],
    "productName": "Mafins šokolādes atkausēts 90g",
    "productPriceOld": null,
    "productPrice": {
      "value": 0.99,
      "unit": "€"
    },
    "productPricePerUnit": {
      "value": 11,
      "unit": "€/kg"
    },
    "productPriceWithLoyaltyCard": null,
    "productPricePerUnitWithLoyaltyCard": null,
    "imageUrl": "https://cdn.barbora.lv/products/946b92f5-e380-4d95-8a38-a22cb0e8e473_s.png",
    "available": true,
    "discount": null
  },
  {
    "shop": "MAXIMA",
    "categories": [
      2,
      2007
    ],
    "productName": "Mafins melleņu atkausēts 90g",
    "productPriceOld": null,
    "productPrice": {
      "value": 0.99,
      "unit": "€"
    },
    "productPricePerUnit": {
      "value": 11,
      "unit": "€/kg"
    },
    "productPriceWithLoyaltyCard": null,
    "productPricePerUnitWithLoyaltyCard": null,
    "imageUrl": "https://cdn.barbora.lv/products/af27c75b-44c8-4df8-8f20-55a7f8594bb1_s.png",
    "available": true,
    "discount": null
  },
  {
    "shop": "MAXIMA",
    "categories": [
      1,
      1001,
      1001003
    ],
    "productName": "Vīns CONO SUR Merlot 13% 0,75L",
    "productPriceOld": null,
    "productPrice": {
      "value": 8.28,
      "unit": "€"
    },
    "productPricePerUnit": {
      "value": 11.04,
      "unit": "€/l"
    },
    "productPriceWithLoyaltyCard": null,
    "productPricePerUnitWithLoyaltyCard": null,
    "imageUrl": "https://cdn.barbora.lv/products/ea304be7-9371-46db-995b-af6f1647c026_s.png",
    "available": true,
    "discount": null
  },
  {
    "shop": "MAXIMA",
    "categories": [
      1,
      1001,
      1001003
    ],
    "productName": "Vīns ROCHE MAZET Muscat pussaldais 12%0,75L",
    "productPriceOld": null,
    "productPrice": {
      "value": 8.29,
      "unit": "€"
    },
    "productPricePerUnit": {
      "value": 11.05,
      "unit": "€/l"
    },
    "productPriceWithLoyaltyCard": null,
    "productPricePerUnitWithLoyaltyCard": null,
    "imageUrl": "https://cdn.barbora.lv/products/e355d006-f510-45fc-b583-d9706ff73112_s.png",
    "available": true,
    "discount": null
  },
  {
    "shop": "MAXIMA",
    "categories": [
      1,
      1001,
      1001003
    ],
    "productName": "Vīns ROCHE MAZET Gewurztraminer 13%0,75L",
    "productPriceOld": null,
    "productPrice": {
      "value": 8.29,
      "unit": "€"
    },
    "productPricePerUnit": {
      "value": 11.05,
      "unit": "€/l"
    },
    "productPriceWithLoyaltyCard": null,
    "productPricePerUnitWithLoyaltyCard": null,
    "imageUrl": "https://cdn.barbora.lv/products/e948495e-f703-4d6c-b33a-22ca2e28e6eb_s.png",
    "available": true,
    "discount": null
  },
  {
    "shop": "MAXIMA",
    "categories": [
      1,
      1001,
      1001003
    ],
    "productName": "Vīns LOS TUCOS Chardonnay Torrontes 13% 0,75L",
    "productPriceOld": null,
    "productPrice": {
      "value": 8.29,
      "unit": "€"
    },
    "productPricePerUnit": {
      "value": 11.05,
      "unit": "€/l"
    },
    "productPriceWithLoyaltyCard": null,
    "productPricePerUnitWithLoyaltyCard": null,
    "imageUrl": "https://cdn.barbora.lv/products/ddf22f9f-f845-40ad-8379-182c66ea0b30_s.png",
    "available": true,
    "discount": null
  },
  {
    "shop": "MAXIMA",
    "categories": [
      1,
      1001,
      1001003
    ],
    "productName": "Vīns MURVIEDRO Crianza 13,5% 0,75L",
    "productPriceOld": null,
    "productPrice": {
      "value": 8.29,
      "unit": "€"
    },
    "productPricePerUnit": {
      "value": 11.05,
      "unit": "€/l"
    },
    "productPriceWithLoyaltyCard": null,
    "productPricePerUnitWithLoyaltyCard": null,
    "imageUrl": "https://cdn.barbora.lv/products/e877a032-2aa7-4f70-be07-020f508c5680_s.png",
    "available": true,
    "discount": null
  },
  {
    "shop": "MAXIMA",
    "categories": [
      1,
      1001,
      1001003
    ],
    "productName": "Vīns ROCHE MAZET Grenache pussaldais 12% 0,75L",
    "productPriceOld": null,
    "productPrice": {
      "value": 8.29,
      "unit": "€"
    },
    "productPricePerUnit": {
      "value": 11.05,
      "unit": "€/l"
    },
    "productPriceWithLoyaltyCard": null,
    "productPricePerUnitWithLoyaltyCard": null,
    "imageUrl": "https://cdn.barbora.lv/products/2b8b3699-3337-4fba-96c2-caad14368824_s.png",
    "available": true,
    "discount": null
  },
  {
    "shop": "MAXIMA",
    "categories": [
      1,
      1001,
      1001003
    ],
    "productName": "Vīns GRAN CASTILLO FAM.CAB.S.12,5%0,75L",
    "productPriceOld": null,
    "productPrice": {
      "value": 8.29,
      "unit": "€"
    },
    "productPricePerUnit": {
      "value": 11.05,
      "unit": "€/l"
    },
    "productPriceWithLoyaltyCard": null,
    "productPricePerUnitWithLoyaltyCard": null,
    "imageUrl": "https://cdn.barbora.lv/products/2ce00dd6-2b20-4e3d-b8ca-1c1e38e90ec0_s.png",
    "available": true,
    "discount": null
  },
  {
    "shop": "MAXIMA",
    "categories": [
      1,
      1001,
      1001003
    ],
    "productName": "Vīns GRAN CASTILLO FAM.SHIRAZ 12,5%0,75L",
    "productPriceOld": null,
    "productPrice": {
      "value": 8.29,
      "unit": "€"
    },
    "productPricePerUnit": {
      "value": 11.05,
      "unit": "€/l"
    },
    "productPriceWithLoyaltyCard": null,
    "productPricePerUnitWithLoyaltyCard": null,
    "imageUrl": "https://cdn.barbora.lv/products/ab9ca0dd-1272-42b9-875d-64d0879ac3ad_s.png",
    "available": true,
    "discount": null
  },
  {
    "shop": "MAXIMA",
    "categories": [
      1,
      1001,
      1001003
    ],
    "productName": "Vīns ROCHE MAZET Chardonnay 12,5% 0,75L",
    "productPriceOld": null,
    "productPrice": {
      "value": 8.29,
      "unit": "€"
    },
    "productPricePerUnit": {
      "value": 11.05,
      "unit": "€/l"
    },
    "productPriceWithLoyaltyCard": null,
    "productPricePerUnitWithLoyaltyCard": null,
    "imageUrl": "https://cdn.barbora.lv/products/b3a652de-d73c-441e-809b-e0eeb28e8905_s.png",
    "available": true,
    "discount": null
  },
  {
    "shop": "MAXIMA",
    "categories": [
      1,
      1001,
      1001003
    ],
    "productName": "Vīns ROCHE MAZET Cab.Sauvignon 13% 0,75L",
    "productPriceOld": null,
    "productPrice": {
      "value": 8.29,
      "unit": "€"
    },
    "productPricePerUnit": {
      "value": 11.05,
      "unit": "€/l"
    },
    "productPriceWithLoyaltyCard": null,
    "productPricePerUnitWithLoyaltyCard": null,
    "imageUrl": "https://cdn.barbora.lv/products/519b492a-fd04-4b48-806c-d7d099a0193f_s.png",
    "available": true,
    "discount": null
  },
  {
    "shop": "MAXIMA",
    "categories": [
      1,
      1001,
      1001003
    ],
    "productName": "Vīns LOS TUCOS Malbec 13% 0,75L",
    "productPriceOld": null,
    "productPrice": {
      "value": 8.29,
      "unit": "€"
    },
    "productPricePerUnit": {
      "value": 11.05,
      "unit": "€/l"
    },
    "productPriceWithLoyaltyCard": null,
    "productPricePerUnitWithLoyaltyCard": null,
    "imageUrl": "https://cdn.barbora.lv/products/3559f92e-f74b-455a-8981-0d49440d7b9f_s.png",
    "available": true,
    "discount": null
  },
  {
    "shop": "RIMI",
    "categories": [
      2,
      2001,
      20010015
    ],
    "productName": "Grauzdiņi Garšīgie ķiploku 180g",
    "productPriceOld": null,
    "productPrice": {
      "value": 1.99,
      "unit": "€/gab"
    },
    "productPricePerUnit": {
      "value": 11.06,
      "unit": "€/kg"
    },
    "productPriceWithLoyaltyCard": null,
    "productPricePerUnitWithLoyaltyCard": null,
    "imageUrl": "https://rimibaltic-res.cloudinary.com/image/upload/d_ecommerce:backend-fallback.png/MAT_949860_PCE_LV",
    "available": true,
    "discount": null
  },
  {
    "shop": "RIMI",
    "categories": [
      2,
      2001,
      20010015
    ],
    "productName": "Grauzdiņi Gardie barbekjū 180g",
    "productPriceOld": null,
    "productPrice": {
      "value": 1.99,
      "unit": "€/gab"
    },
    "productPricePerUnit": {
      "value": 11.06,
      "unit": "€/kg"
    },
    "productPriceWithLoyaltyCard": null,
    "productPricePerUnitWithLoyaltyCard": null,
    "imageUrl": "https://rimibaltic-res.cloudinary.com/image/upload/d_ecommerce:backend-fallback.png/MAT_997490_PCE_LV",
    "available": true,
    "discount": null
  },
  {
    "shop": "RIMI",
    "categories": [
      1,
      1001,
      1001003
    ],
    "productName": "Vīns augļu Pomegranate 12.5% 0.75l",
    "productPriceOld": null,
    "productPrice": {
      "value": 8.35,
      "unit": "€/gab"
    },
    "productPricePerUnit": {
      "value": 11.13,
      "unit": "€/l"
    },
    "productPriceWithLoyaltyCard": null,
    "productPricePerUnitWithLoyaltyCard": null,
    "imageUrl": "https://rimibaltic-res.cloudinary.com/image/upload/d_ecommerce:backend-fallback.png/MAT_7159017_PCE_LV",
    "available": true,
    "discount": null
  },
  {
    "shop": "MAXIMA",
    "categories": [
      2,
      20011
    ],
    "productName": "Smalkmaizīte kārtainā ar mango pildījumu 80g",
    "productPriceOld": null,
    "productPrice": {
      "value": 0.89,
      "unit": "€"
    },
    "productPricePerUnit": {
      "value": 11.13,
      "unit": "€/kg"
    },
    "productPriceWithLoyaltyCard": null,
    "productPricePerUnitWithLoyaltyCard": null,
    "imageUrl": "https://cdn.barbora.lv/products/0b8cec89-db24-4847-a90d-8bd5e2606088_s.png",
    "available": true,
    "discount": null
  },
  {
    "shop": "MAXIMA",
    "categories": [
      2,
      20011
    ],
    "productName": "Smalkmaizīte kārtainā Dzirnaviņas 80g",
    "productPriceOld": null,
    "productPrice": {
      "value": 0.89,
      "unit": "€"
    },
    "productPricePerUnit": {
      "value": 11.13,
      "unit": "€/kg"
    },
    "productPriceWithLoyaltyCard": null,
    "productPricePerUnitWithLoyaltyCard": null,
    "imageUrl": "https://cdn.barbora.lv/products/fc5128cb-cde6-4232-92b8-057d0c9e8256_s.png",
    "available": true,
    "discount": null
  },
  {
    "shop": "MAXIMA",
    "categories": [
      2,
      2007
    ],
    "productName": "Mafins ar ogām 80g",
    "productPriceOld": null,
    "productPrice": {
      "value": 0.89,
      "unit": "€"
    },
    "productPricePerUnit": {
      "value": 11.13,
      "unit": "€/kg"
    },
    "productPriceWithLoyaltyCard": null,
    "productPricePerUnitWithLoyaltyCard": null,
    "imageUrl": "https://cdn.barbora.lv/products/b30c36c6-5dff-4060-bc28-7c98bd389bba_s.png",
    "available": true,
    "discount": null
  },
  {
    "shop": "MAXIMA",
    "categories": [
      1,
      1002,
      10010020
    ],
    "productName": "Sula ananasu-ingvera svaiga 250ml D",
    "productPriceOld": null,
    "productPrice": {
      "value": 2.79,
      "unit": "€"
    },
    "productPricePerUnit": {
      "value": 11.16,
      "unit": "€/l"
    },
    "productPriceWithLoyaltyCard": null,
    "productPricePerUnitWithLoyaltyCard": null,
    "imageUrl": "https://cdn.barbora.lv/products/4e5a412c-bcb3-48a4-9bad-c2b0f5f2155b_s.png",
    "available": true,
    "discount": null
  },
  {
    "shop": "MAXIMA",
    "categories": [
      1,
      1002,
      10010020
    ],
    "productName": "Sula zemeņu-citronu svaiga 250ml D",
    "productPriceOld": null,
    "productPrice": {
      "value": 2.79,
      "unit": "€"
    },
    "productPricePerUnit": {
      "value": 11.16,
      "unit": "€/l"
    },
    "productPriceWithLoyaltyCard": null,
    "productPricePerUnitWithLoyaltyCard": null,
    "imageUrl": "https://cdn.barbora.lv/products/fd649e25-2b11-4cac-abbc-e0a21e9fa271_s.png",
    "available": true,
    "discount": null
  },
  {
    "shop": "MAXIMA",
    "categories": [
      1,
      1002,
      10010020
    ],
    "productName": "Sula mango-čia svaiga 250ml D",
    "productPriceOld": null,
    "productPrice": {
      "value": 2.79,
      "unit": "€"
    },
    "productPricePerUnit": {
      "value": 11.16,
      "unit": "€/l"
    },
    "productPriceWithLoyaltyCard": null,
    "productPricePerUnitWithLoyaltyCard": null,
    "imageUrl": "https://cdn.barbora.lv/products/8d07d7fe-dea2-49eb-80e8-509d47e0ff9d_s.png",
    "available": true,
    "discount": null
  },
  {
    "shop": "MAXIMA",
    "categories": [
      1,
      1001,
      10010013
    ],
    "productName": "Liķieris SUMMER GARDEN BLUEBERRY 15%0,5L",
    "productPriceOld": null,
    "productPrice": {
      "value": 5.58,
      "unit": "€"
    },
    "productPricePerUnit": {
      "value": 11.16,
      "unit": "€/l"
    },
    "productPriceWithLoyaltyCard": null,
    "productPricePerUnitWithLoyaltyCard": null,
    "imageUrl": "https://cdn.barbora.lv/products/b6696607-848a-45f6-a438-f66b746b9f9b_s.png",
    "available": true,
    "discount": null
  },
  {
    "shop": "RIMI",
    "categories": [
      1,
      1001,
      1001003
    ],
    "productName": "B.v. Montalto Pinot Grigio 12% 0,187l",
    "productPriceOld": null,
    "productPrice": {
      "value": 3.69,
      "unit": "€/gab"
    },
    "productPricePerUnit": {
      "value": 19.73,
      "unit": "€/l"
    },
    "productPriceWithLoyaltyCard": {
      "value": 2.09,
      "unit": "€"
    },
    "productPricePerUnitWithLoyaltyCard": {
      "value": 11.18,
      "unit": "€/l"
    },
    "imageUrl": "https://rimibaltic-res.cloudinary.com/image/upload/d_ecommerce:backend-fallback.png/MAT_7211404_PCE_LV",
    "available": true,
    "discount": 43
  },
  {
    "shop": "RIMI",
    "categories": [
      1,
      1001,
      1001005
    ],
    "productName": "Alk. kokteilis Jack Daniels & Cola 5% 0,33l",
    "productPriceOld": null,
    "productPrice": {
      "value": 3.69,
      "unit": "€/gab"
    },
    "productPricePerUnit": {
      "value": 11.18,
      "unit": "€/l"
    },
    "productPriceWithLoyaltyCard": null,
    "productPricePerUnitWithLoyaltyCard": null,
    "imageUrl": "https://rimibaltic-res.cloudinary.com/image/upload/d_ecommerce:backend-fallback.png/MAT_1374321_PCE_LV",
    "available": true,
    "discount": null
  },
  {
    "shop": "RIMI",
    "categories": [
      1,
      1001,
      1001003
    ],
    "productName": "S.v. Montalto Nero D'Avola 13,5% 0,187l",
    "productPriceOld": null,
    "productPrice": {
      "value": 3.69,
      "unit": "€/gab"
    },
    "productPricePerUnit": {
      "value": 19.73,
      "unit": "€/l"
    },
    "productPriceWithLoyaltyCard": {
      "value": 2.09,
      "unit": "€"
    },
    "productPricePerUnitWithLoyaltyCard": {
      "value": 11.18,
      "unit": "€/l"
    },
    "imageUrl": "https://rimibaltic-res.cloudinary.com/image/upload/d_ecommerce:backend-fallback.png/MAT_7211403_PCE_LV",
    "available": true,
    "discount": 43
  },
  {
    "shop": "RIMI",
    "categories": [
      1,
      1001,
      1001005
    ],
    "productName": "Alk. kokt. Jack Daniels & Cola Zero 5% 0,33l",
    "productPriceOld": null,
    "productPrice": {
      "value": 3.69,
      "unit": "€/gab"
    },
    "productPricePerUnit": {
      "value": 11.18,
      "unit": "€/l"
    },
    "productPriceWithLoyaltyCard": null,
    "productPricePerUnitWithLoyaltyCard": null,
    "imageUrl": "https://rimibaltic-res.cloudinary.com/image/upload/d_ecommerce:backend-fallback.png/MAT_1374304_PCE_LV",
    "available": true,
    "discount": null
  },
  {
    "shop": "MAXIMA",
    "categories": [
      1,
      1001,
      10010013
    ],
    "productName": "Liķieris SUMMER GARDEN CHERRY 16% 0,5l",
    "productPriceOld": null,
    "productPrice": {
      "value": 5.59,
      "unit": "€"
    },
    "productPricePerUnit": {
      "value": 11.18,
      "unit": "€/l"
    },
    "productPriceWithLoyaltyCard": null,
    "productPricePerUnitWithLoyaltyCard": null,
    "imageUrl": "https://cdn.barbora.lv/products/7838357d-ca7d-4b26-9beb-96838186bd95_s.png",
    "available": true,
    "discount": null
  },
  {
    "shop": "RIMI",
    "categories": [
      1,
      1001,
      1001003
    ],
    "productName": "Baltvīns Karu Chardonnay 13% 0,75l",
    "productPriceOld": null,
    "productPrice": {
      "value": 8.39,
      "unit": "€/gab"
    },
    "productPricePerUnit": {
      "value": 11.19,
      "unit": "€/l"
    },
    "productPriceWithLoyaltyCard": null,
    "productPricePerUnitWithLoyaltyCard": null,
    "imageUrl": "https://rimibaltic-res.cloudinary.com/image/upload/d_ecommerce:backend-fallback.png/MAT_7218925_PCE_LV",
    "available": true,
    "discount": null
  },
  {
    "shop": "RIMI",
    "categories": [
      1,
      1001,
      1001003
    ],
    "productName": "B.v. Santa Carolina Cellar Chardo. 13% 0,75l",
    "productPriceOld": null,
    "productPrice": {
      "value": 8.39,
      "unit": "€/gab"
    },
    "productPricePerUnit": {
      "value": 11.19,
      "unit": "€/l"
    },
    "productPriceWithLoyaltyCard": null,
    "productPricePerUnitWithLoyaltyCard": null,
    "imageUrl": "https://rimibaltic-res.cloudinary.com/image/upload/d_ecommerce:backend-fallback.png/MAT_141810_PCE_LV",
    "available": true,
    "discount": null
  },
  {
    "shop": "RIMI",
    "categories": [
      1,
      1001,
      1001003
    ],
    "productName": "S.v.Santa Carolina Ca.Sauviognion 12,5% 0,75l",
    "productPriceOld": null,
    "productPrice": {
      "value": 8.39,
      "unit": "€/gab"
    },
    "productPricePerUnit": {
      "value": 11.19,
      "unit": "€/l"
    },
    "productPriceWithLoyaltyCard": null,
    "productPricePerUnitWithLoyaltyCard": null,
    "imageUrl": "https://rimibaltic-res.cloudinary.com/image/upload/d_ecommerce:backend-fallback.png/MAT_141811_PCE_LV",
    "available": true,
    "discount": null
  },
  {
    "shop": "MAXIMA",
    "categories": [
      1,
      1001,
      1001004
    ],
    "productName": "Dz.vīns ROCHE MAZET Chard.Brut 12% 0,75L",
    "productPriceOld": {
      "value": 13.31,
      "unit": "€"
    },
    "productPrice": {
      "value": 13.31,
      "unit": "€"
    },
    "productPricePerUnit": {
      "value": 17.75,
      "unit": "€/l"
    },
    "productPriceWithLoyaltyCard": {
      "value": 8.39,
      "unit": "€"
    },
    "productPricePerUnitWithLoyaltyCard": {
      "value": 11.19,
      "unit": "€/l"
    },
    "imageUrl": "https://cdn.barbora.lv/products/6a6e3d19-9b54-4ccc-89f7-bc9817dd3768_s.png",
    "available": true,
    "discount": 37
  },
  {
    "shop": "MAXIMA",
    "categories": [
      1,
      1001,
      1001003
    ],
    "productName": "Vīns DC Sauvignon Blanc Reserve 13%0,75L",
    "productPriceOld": null,
    "productPrice": {
      "value": 8.39,
      "unit": "€"
    },
    "productPricePerUnit": {
      "value": 11.19,
      "unit": "€/l"
    },
    "productPriceWithLoyaltyCard": null,
    "productPricePerUnitWithLoyaltyCard": null,
    "imageUrl": "https://cdn.barbora.lv/products/3e6b2658-c0ec-4e6a-9cf5-3f08ecf774f7_s.png",
    "available": true,
    "discount": null
  },
  {
    "shop": "MAXIMA",
    "categories": [
      1,
      1001,
      1001003
    ],
    "productName": "Vīns CASTEL PIETRA PINOT GR. 12.5% 0,75L",
    "productPriceOld": null,
    "productPrice": {
      "value": 8.39,
      "unit": "€"
    },
    "productPricePerUnit": {
      "value": 11.19,
      "unit": "€/l"
    },
    "productPriceWithLoyaltyCard": null,
    "productPricePerUnitWithLoyaltyCard": null,
    "imageUrl": "https://cdn.barbora.lv/products/03048018-e882-45c6-b1ae-e8b8ececb4c4_s.png",
    "available": true,
    "discount": null
  },
  {
    "shop": "MAXIMA",
    "categories": [
      1,
      1001,
      1001003
    ],
    "productName": "Vīns LOS CARDOS MALBEC 14% 0,75L",
    "productPriceOld": null,
    "productPrice": {
      "value": 8.39,
      "unit": "€"
    },
    "productPricePerUnit": {
      "value": 11.19,
      "unit": "€/l"
    },
    "productPriceWithLoyaltyCard": null,
    "productPricePerUnitWithLoyaltyCard": null,
    "imageUrl": "https://cdn.barbora.lv/products/25188235-7ab3-4f54-b8ab-7dda2269cc15_s.png",
    "available": true,
    "discount": null
  },
  {
    "shop": "MAXIMA",
    "categories": [
      1,
      1001,
      1001003
    ],
    "productName": "Vīns TALISMAN KURDGELAURI WH. 11,5%0,75L",
    "productPriceOld": null,
    "productPrice": {
      "value": 8.39,
      "unit": "€"
    },
    "productPricePerUnit": {
      "value": 11.19,
      "unit": "€/l"
    },
    "productPriceWithLoyaltyCard": null,
    "productPricePerUnitWithLoyaltyCard": null,
    "imageUrl": "https://cdn.barbora.lv/products/f48f916b-827a-4085-918e-13370bbbb613_s.png",
    "available": true,
    "discount": null
  },
  {
    "shop": "MAXIMA",
    "categories": [
      1,
      1001,
      1001003
    ],
    "productName": "Vīns AMERICAN WINGS Chardon.13,5% 0,75L",
    "productPriceOld": null,
    "productPrice": {
      "value": 8.39,
      "unit": "€"
    },
    "productPricePerUnit": {
      "value": 11.19,
      "unit": "€/l"
    },
    "productPriceWithLoyaltyCard": null,
    "productPricePerUnitWithLoyaltyCard": null,
    "imageUrl": "https://cdn.barbora.lv/products/8fd23c00-f3bb-4d17-b983-6a9ea6ac67f7_s.png",
    "available": true,
    "discount": null
  },
  {
    "shop": "MAXIMA",
    "categories": [
      1,
      1001,
      1001003
    ],
    "productName": "Vīns Merinas Tempranillo Organic 14,5%0,75L",
    "productPriceOld": null,
    "productPrice": {
      "value": 8.39,
      "unit": "€"
    },
    "productPricePerUnit": {
      "value": 11.19,
      "unit": "€/l"
    },
    "productPriceWithLoyaltyCard": null,
    "productPricePerUnitWithLoyaltyCard": null,
    "imageUrl": "https://cdn.barbora.lv/products/6422ac91-e4ec-40d7-a4f2-2bde5d9c8691_s.png",
    "available": true,
    "discount": null
  },
  {
    "shop": "MAXIMA",
    "categories": [
      1,
      1001,
      1001003
    ],
    "productName": "Vīns CASTEL PIETRA TEROLDEGO 12.5% 0,75L",
    "productPriceOld": null,
    "productPrice": {
      "value": 8.39,
      "unit": "€"
    },
    "productPricePerUnit": {
      "value": 11.19,
      "unit": "€/l"
    },
    "productPriceWithLoyaltyCard": null,
    "productPricePerUnitWithLoyaltyCard": null,
    "imageUrl": "https://cdn.barbora.lv/products/9a0ce3ca-5011-491d-8ed8-3e197b4ab780_s.png",
    "available": true,
    "discount": null
  },
  {
    "shop": "MAXIMA",
    "categories": [
      1,
      1001,
      1001003
    ],
    "productName": "Vīns LOS CARDOS CAB.SAUVIGNON 14% 0,75L",
    "productPriceOld": null,
    "productPrice": {
      "value": 8.39,
      "unit": "€"
    },
    "productPricePerUnit": {
      "value": 11.19,
      "unit": "€/l"
    },
    "productPriceWithLoyaltyCard": null,
    "productPricePerUnitWithLoyaltyCard": null,
    "imageUrl": "https://cdn.barbora.lv/products/086e35e7-6140-4847-a4a0-cd05b9bc68b1_s.png",
    "available": true,
    "discount": null
  },
  {
    "shop": "CITRO",
    "categories": [
      1,
      1001,
      1001003
    ],
    "productName": "VĪNS S. JACOBS CREEK SHIRAZ CABERNET 13.5% 0.75L",
    "productPriceOld": null,
    "productPrice": null,
    "productPricePerUnit": {
      "value": 11.19,
      "unit": "€/L"
    },
    "productPriceWithLoyaltyCard": null,
    "productPricePerUnitWithLoyaltyCard": null,
    "imageUrl": "https://rezekne.citro.lv/wp-content/uploads/2021/03/9300727453600-300x300.jpg",
    "available": true,
    "discount": null
  },
  {
    "shop": "CITRO",
    "categories": [
      1,
      1001,
      1001003
    ],
    "productName": "VĪNS S. JACOBS CREEK GRENACHE SHIRAZ 14% 0.75L",
    "productPriceOld": null,
    "productPrice": null,
    "productPricePerUnit": {
      "value": 11.19,
      "unit": "€/L"
    },
    "productPriceWithLoyaltyCard": null,
    "productPricePerUnitWithLoyaltyCard": null,
    "imageUrl": "https://rezekne.citro.lv/wp-content/uploads/2020/10/9300727574213-300x300.jpg",
    "available": true,
    "discount": null
  },
  {
    "shop": "CITRO",
    "categories": [
      2,
      2001,
      20010011
    ],
    "productName": "GALETES KUKURŪZAS PLĀCENĪŠI AR LINSĒKLĀM RACIO 115G",
    "productPriceOld": null,
    "productPrice": null,
    "productPricePerUnit": {
      "value": 11.22,
      "unit": "€/KG"
    },
    "productPriceWithLoyaltyCard": null,
    "productPricePerUnitWithLoyaltyCard": null,
    "imageUrl": "https://rezekne.citro.lv/wp-content/uploads/2020/04/8595573400217-262x300.jpg",
    "available": true,
    "discount": null
  },
  {
    "shop": "MAXIMA",
    "categories": [
      1,
      1001,
      1001003
    ],
    "productName": "Vīns OLD GRUZIA ALAVERDI balts 12% 0,75L",
    "productPriceOld": null,
    "productPrice": {
      "value": 8.42,
      "unit": "€"
    },
    "productPricePerUnit": {
      "value": 11.23,
      "unit": "€/l"
    },
    "productPriceWithLoyaltyCard": null,
    "productPricePerUnitWithLoyaltyCard": null,
    "imageUrl": "https://cdn.barbora.lv/products/dc59637f-3abc-4e6c-a0d0-e91bd314e46c_s.png",
    "available": true,
    "discount": null
  },
  {
    "shop": "MAXIMA",
    "categories": [
      2,
      2005
    ],
    "productName": "Deserts Profiteroles DOLCE ITALIA 400g",
    "productPriceOld": null,
    "productPrice": {
      "value": 4.49,
      "unit": "€"
    },
    "productPricePerUnit": {
      "value": 11.23,
      "unit": "€/kg"
    },
    "productPriceWithLoyaltyCard": null,
    "productPricePerUnitWithLoyaltyCard": null,
    "imageUrl": "https://cdn.barbora.lv/products/27b2f89d-57d5-4618-bf4e-8f178192cbb9_s.png",
    "available": true,
    "discount": null
  },
  {
    "shop": "MAXIMA",
    "categories": [
      2,
      2001,
      2001008,
      2001001
    ],
    "productName": "Pilngraudu standziņas 200g",
    "productPriceOld": null,
    "productPrice": {
      "value": 2.25,
      "unit": "€"
    },
    "productPricePerUnit": {
      "value": 11.25,
      "unit": "€/kg"
    },
    "productPriceWithLoyaltyCard": null,
    "productPricePerUnitWithLoyaltyCard": null,
    "imageUrl": "https://cdn.barbora.lv/products/e1a2a9ff-410b-4df9-9ee1-a9bef78350f5_s.png",
    "available": true,
    "discount": null
  },
  {
    "shop": "RIMI",
    "categories": [
      2,
      2001,
      20010015
    ],
    "productName": "Brusketa Rimi ar ķiplokiem, pētersīļiem 150g",
    "productPriceOld": null,
    "productPrice": {
      "value": 1.69,
      "unit": "€/gab"
    },
    "productPricePerUnit": {
      "value": 11.27,
      "unit": "€/kg"
    },
    "productPriceWithLoyaltyCard": null,
    "productPricePerUnitWithLoyaltyCard": null,
    "imageUrl": "https://rimibaltic-res.cloudinary.com/image/upload/d_ecommerce:backend-fallback.png/MAT_814176_PCE_LV",
    "available": true,
    "discount": null
  },
  {
    "shop": "RIMI",
    "categories": [
      2,
      2001,
      20010015
    ],
    "productName": "Grauzdiņi Piknika ar ķiplokiem 150g",
    "productPriceOld": {
      "value": 1.95,
      "unit": "€"
    },
    "productPrice": {
      "value": 1.69,
      "unit": "€/gab"
    },
    "productPricePerUnit": {
      "value": 11.27,
      "unit": "€/kg"
    },
    "productPriceWithLoyaltyCard": null,
    "productPricePerUnitWithLoyaltyCard": null,
    "imageUrl": "https://rimibaltic-res.cloudinary.com/image/upload/d_ecommerce:backend-fallback.png/MAT_909807_PCE_LV",
    "available": true,
    "discount": 13
  },
  {
    "shop": "RIMI",
    "categories": [
      1,
      1001,
      1001003
    ],
    "productName": "S.v. Murviedro Crianza 13,5% 0,75l",
    "productPriceOld": null,
    "productPrice": {
      "value": 8.45,
      "unit": "€/gab"
    },
    "productPricePerUnit": {
      "value": 11.27,
      "unit": "€/l"
    },
    "productPriceWithLoyaltyCard": null,
    "productPricePerUnitWithLoyaltyCard": null,
    "imageUrl": "https://rimibaltic-res.cloudinary.com/image/upload/d_ecommerce:backend-fallback.png/MAT_746092_PCE_LV",
    "available": true,
    "discount": null
  },
  {
    "shop": "MAXIMA",
    "categories": [
      1,
      1001,
      1001001
    ],
    "productName": "Alus KASTEEL Rouge 8% 0,33L D",
    "productPriceOld": null,
    "productPrice": {
      "value": 3.72,
      "unit": "€"
    },
    "productPricePerUnit": {
      "value": 11.27,
      "unit": "€/l"
    },
    "productPriceWithLoyaltyCard": null,
    "productPricePerUnitWithLoyaltyCard": null,
    "imageUrl": "https://cdn.barbora.lv/products/1cb12b16-00b2-4fb7-bebf-7148f29591a0_s.png",
    "available": true,
    "discount": null
  },
  {
    "shop": "MAXIMA",
    "categories": [
      1,
      1001,
      1001003
    ],
    "productName": "Vīns ALAVERDI Saperavi 12,5% 0,75L",
    "productPriceOld": null,
    "productPrice": {
      "value": 8.45,
      "unit": "€"
    },
    "productPricePerUnit": {
      "value": 11.27,
      "unit": "€/l"
    },
    "productPriceWithLoyaltyCard": null,
    "productPricePerUnitWithLoyaltyCard": null,
    "imageUrl": "https://cdn.barbora.lv/products/c98f5e52-1825-4485-b109-b1d91b0c53e4_s.png",
    "available": true,
    "discount": null
  },
  {
    "shop": "RIMI",
    "categories": [
      2,
      2005
    ],
    "productName": "Kūka Napoleons 600g",
    "productPriceOld": null,
    "productPrice": {
      "value": 6.79,
      "unit": "€/gab"
    },
    "productPricePerUnit": {
      "value": 11.32,
      "unit": "€/kg"
    },
    "productPriceWithLoyaltyCard": null,
    "productPricePerUnitWithLoyaltyCard": null,
    "imageUrl": "https://rimibaltic-res.cloudinary.com/image/upload/d_ecommerce:backend-fallback.png/MAT_286103_PCE_LV",
    "available": true,
    "discount": null
  },
  {
    "shop": "MAXIMA",
    "categories": [
      1,
      1001,
      1001003
    ],
    "productName": "Dzirskt.vīns NUA BRUT 12% 0,75L",
    "productPriceOld": null,
    "productPrice": {
      "value": 8.49,
      "unit": "€"
    },
    "productPricePerUnit": {
      "value": 11.32,
      "unit": "€/l"
    },
    "productPriceWithLoyaltyCard": null,
    "productPricePerUnitWithLoyaltyCard": null,
    "imageUrl": "https://cdn.barbora.lv/products/ac5516dd-f68c-4985-83a6-23677ddd0c54_s.png",
    "available": true,
    "discount": null
  },
  {
    "shop": "MAXIMA",
    "categories": [
      1,
      1001,
      1001003
    ],
    "productName": "Vīns MARANI TELAVURI RED 11,5% 0,75L",
    "productPriceOld": null,
    "productPrice": {
      "value": 8.49,
      "unit": "€"
    },
    "productPricePerUnit": {
      "value": 11.32,
      "unit": "€/l"
    },
    "productPriceWithLoyaltyCard": null,
    "productPricePerUnitWithLoyaltyCard": null,
    "imageUrl": "https://cdn.barbora.lv/products/3ed761ec-b07f-4bc8-9d81-4f6e6d838314_s.png",
    "available": true,
    "discount": null
  },
  {
    "shop": "MAXIMA",
    "categories": [
      1,
      1001,
      1001003
    ],
    "productName": "Vīns LOS CARDOS Chardonnay 13% 0,75L",
    "productPriceOld": null,
    "productPrice": {
      "value": 8.49,
      "unit": "€"
    },
    "productPricePerUnit": {
      "value": 11.32,
      "unit": "€/l"
    },
    "productPriceWithLoyaltyCard": null,
    "productPricePerUnitWithLoyaltyCard": null,
    "imageUrl": "https://cdn.barbora.lv/products/eea5a5e8-76d4-4d58-a39a-3fc3aba67cd4_s.png",
    "available": true,
    "discount": null
  },
  {
    "shop": "MAXIMA",
    "categories": [
      1,
      1001,
      1001003
    ],
    "productName": "Vīns DARLING CELLARS Res.Shiraz14% 0,75L",
    "productPriceOld": null,
    "productPrice": {
      "value": 8.49,
      "unit": "€"
    },
    "productPricePerUnit": {
      "value": 11.32,
      "unit": "€/l"
    },
    "productPriceWithLoyaltyCard": null,
    "productPricePerUnitWithLoyaltyCard": null,
    "imageUrl": "https://cdn.barbora.lv/products/cb241e8f-6b34-401e-b2b3-f874fb386900_s.png",
    "available": true,
    "discount": null
  },
  {
    "shop": "MAXIMA",
    "categories": [
      1,
      1001,
      1001003
    ],
    "productName": "Vīns DC Cab.Sauvignon Reserve 14% 0,75L",
    "productPriceOld": null,
    "productPrice": {
      "value": 8.49,
      "unit": "€"
    },
    "productPricePerUnit": {
      "value": 11.32,
      "unit": "€/l"
    },
    "productPriceWithLoyaltyCard": null,
    "productPricePerUnitWithLoyaltyCard": null,
    "imageUrl": "https://cdn.barbora.lv/products/9ee484bf-0db2-4b60-b522-b1568024d0cc_s.png",
    "available": true,
    "discount": null
  },
  {
    "shop": "MAXIMA",
    "categories": [
      1,
      1001,
      1001003
    ],
    "productName": "Vīns HARDYS BIN 141 COL.CHARD.12% 0,75l",
    "productPriceOld": null,
    "productPrice": {
      "value": 8.49,
      "unit": "€"
    },
    "productPricePerUnit": {
      "value": 11.32,
      "unit": "€/l"
    },
    "productPriceWithLoyaltyCard": null,
    "productPricePerUnitWithLoyaltyCard": null,
    "imageUrl": "https://cdn.barbora.lv/products/c3d60bdd-d169-4bea-88a6-7a4a4eb3b80a_s.png",
    "available": true,
    "discount": null
  },
  {
    "shop": "MAXIMA",
    "categories": [
      1,
      1001,
      1001003
    ],
    "productName": "Vīns AMERICAN WINGS Zinfandel 13,5%0,75L",
    "productPriceOld": null,
    "productPrice": {
      "value": 8.49,
      "unit": "€"
    },
    "productPricePerUnit": {
      "value": 11.32,
      "unit": "€/l"
    },
    "productPriceWithLoyaltyCard": null,
    "productPricePerUnitWithLoyaltyCard": null,
    "imageUrl": "https://cdn.barbora.lv/products/0847fab7-c55b-4604-a770-0212a221b7cc_s.png",
    "available": true,
    "discount": null
  },
  {
    "shop": "MAXIMA",
    "categories": [
      1,
      1001,
      1001003
    ],
    "productName": "Vīns HARDYS BIN 343 CAB.SHIRAZ13,5%0,75l",
    "productPriceOld": null,
    "productPrice": {
      "value": 8.49,
      "unit": "€"
    },
    "productPricePerUnit": {
      "value": 11.32,
      "unit": "€/l"
    },
    "productPriceWithLoyaltyCard": null,
    "productPricePerUnitWithLoyaltyCard": null,
    "imageUrl": "https://cdn.barbora.lv/products/cdfcaef2-a3cc-482c-afc4-ace1903bbff1_s.png",
    "available": true,
    "discount": null
  },
  {
    "shop": "MAXIMA",
    "categories": [
      1,
      1001,
      1001003
    ],
    "productName": "Vīns KGM TSINANDALI 12,5% 0,75L",
    "productPriceOld": null,
    "productPrice": {
      "value": 8.49,
      "unit": "€"
    },
    "productPricePerUnit": {
      "value": 11.32,
      "unit": "€/l"
    },
    "productPriceWithLoyaltyCard": null,
    "productPricePerUnitWithLoyaltyCard": null,
    "imageUrl": "https://cdn.barbora.lv/products/86713aa2-9796-414f-9ae9-889573aa0c61_s.png",
    "available": true,
    "discount": null
  },
  {
    "shop": "MAXIMA",
    "categories": [
      1,
      1001,
      1001003
    ],
    "productName": "Vīns FRANZ HOFFNER RIESLING 9,5% 0,75L",
    "productPriceOld": null,
    "productPrice": {
      "value": 8.5,
      "unit": "€"
    },
    "productPricePerUnit": {
      "value": 11.33,
      "unit": "€/l"
    },
    "productPriceWithLoyaltyCard": null,
    "productPricePerUnitWithLoyaltyCard": null,
    "imageUrl": "https://cdn.barbora.lv/products/3a42799c-b24d-49cf-b0b9-2cd211df1f5b_s.png",
    "available": true,
    "discount": null
  },
  {
    "shop": "MAXIMA",
    "categories": [
      1,
      1001,
      1001003
    ],
    "productName": "Vīns MOLDAVIAN SECRET Cabernet Sauvignon 13% 0,75L",
    "productPriceOld": null,
    "productPrice": {
      "value": 8.52,
      "unit": "€"
    },
    "productPricePerUnit": {
      "value": 11.36,
      "unit": "€/l"
    },
    "productPriceWithLoyaltyCard": null,
    "productPricePerUnitWithLoyaltyCard": null,
    "imageUrl": "https://cdn.barbora.lv/products/3fd39c3b-c425-49af-9f16-1583b3c57f81_s.png",
    "available": true,
    "discount": null
  },
  {
    "shop": "MAXIMA",
    "categories": [
      1,
      1001,
      1001003
    ],
    "productName": "Vīns MOLDAVIAN SECRET Pinot Grigio 13% 0,75L",
    "productPriceOld": null,
    "productPrice": {
      "value": 8.52,
      "unit": "€"
    },
    "productPricePerUnit": {
      "value": 11.36,
      "unit": "€/l"
    },
    "productPriceWithLoyaltyCard": null,
    "productPricePerUnitWithLoyaltyCard": null,
    "imageUrl": "https://cdn.barbora.lv/products/5369681e-212b-4650-93c1-34da929c80c9_s.png",
    "available": true,
    "discount": null
  },
  {
    "shop": "RIMI",
    "categories": [
      2,
      2005
    ],
    "productName": "Kūka medus 350g",
    "productPriceOld": null,
    "productPrice": {
      "value": 3.99,
      "unit": "€/gab"
    },
    "productPricePerUnit": {
      "value": 11.4,
      "unit": "€/kg"
    },
    "productPriceWithLoyaltyCard": null,
    "productPricePerUnitWithLoyaltyCard": null,
    "imageUrl": "https://rimibaltic-res.cloudinary.com/image/upload/d_ecommerce:backend-fallback.png/MAT_286803_PCE_LV",
    "available": true,
    "discount": null
  },
  {
    "shop": "RIMI",
    "categories": [
      2,
      2005
    ],
    "productName": "Kūka Vīnes šokolādes  350g",
    "productPriceOld": null,
    "productPrice": {
      "value": 3.99,
      "unit": "€/gab"
    },
    "productPricePerUnit": {
      "value": 11.4,
      "unit": "€/kg"
    },
    "productPriceWithLoyaltyCard": null,
    "productPricePerUnitWithLoyaltyCard": null,
    "imageUrl": "https://rimibaltic-res.cloudinary.com/image/upload/d_ecommerce:backend-fallback.png/MAT_286621_PCE_LV",
    "available": true,
    "discount": null
  },
  {
    "shop": "RIMI",
    "categories": [
      2,
      2005
    ],
    "productName": "Kūka Rimi Braunijs 350g",
    "productPriceOld": {
      "value": 5.15,
      "unit": "€"
    },
    "productPrice": {
      "value": 3.99,
      "unit": "€/gab"
    },
    "productPricePerUnit": {
      "value": 11.4,
      "unit": "€/kg"
    },
    "productPriceWithLoyaltyCard": null,
    "productPricePerUnitWithLoyaltyCard": null,
    "imageUrl": "https://rimibaltic-res.cloudinary.com/image/upload/d_ecommerce:backend-fallback.png/MAT_812389_PCE_LV",
    "available": true,
    "discount": 23
  },
  {
    "shop": "MAXIMA",
    "categories": [
      1,
      1001,
      10010015
    ],
    "productName": "Sodža JINRO Zaļo vīnogu 13% 0,35L",
    "productPriceOld": {
      "value": 7.04,
      "unit": "€"
    },
    "productPrice": {
      "value": 7.04,
      "unit": "€"
    },
    "productPricePerUnit": {
      "value": 20.11,
      "unit": "€/l"
    },
    "productPriceWithLoyaltyCard": {
      "value": 3.99,
      "unit": "€"
    },
    "productPricePerUnitWithLoyaltyCard": {
      "value": 11.4,
      "unit": "€/l"
    },
    "imageUrl": "https://cdn.barbora.lv/products/cacdd863-b6e3-468f-b74d-8523576cdcdd_s.png",
    "available": true,
    "discount": 43
  },
  {
    "shop": "MAXIMA",
    "categories": [
      1,
      1001,
      10010015
    ],
    "productName": "Sodža JINRO Persiku 13% 0,35L",
    "productPriceOld": {
      "value": 7.04,
      "unit": "€"
    },
    "productPrice": {
      "value": 7.04,
      "unit": "€"
    },
    "productPricePerUnit": {
      "value": 20.11,
      "unit": "€/l"
    },
    "productPriceWithLoyaltyCard": {
      "value": 3.99,
      "unit": "€"
    },
    "productPricePerUnitWithLoyaltyCard": {
      "value": 11.4,
      "unit": "€/l"
    },
    "imageUrl": "https://cdn.barbora.lv/products/22825da4-420e-49ab-9175-1e3201baa007_s.png",
    "available": true,
    "discount": 43
  },
  {
    "shop": "MAXIMA",
    "categories": [
      1,
      1001,
      10010015
    ],
    "productName": "Sodža JINRO Plūmju 13% 0,35L",
    "productPriceOld": {
      "value": 7.04,
      "unit": "€"
    },
    "productPrice": {
      "value": 7.04,
      "unit": "€"
    },
    "productPricePerUnit": {
      "value": 20.11,
      "unit": "€/l"
    },
    "productPriceWithLoyaltyCard": {
      "value": 3.99,
      "unit": "€"
    },
    "productPricePerUnitWithLoyaltyCard": {
      "value": 11.4,
      "unit": "€/l"
    },
    "imageUrl": "https://cdn.barbora.lv/products/c21ef440-fc5f-4fde-a0aa-d5d5937200d6_s.png",
    "available": true,
    "discount": 43
  },
  {
    "shop": "MAXIMA",
    "categories": [
      1,
      1001,
      10010015
    ],
    "productName": "Sodža JINRO Zemeņu 13% 0,35L",
    "productPriceOld": {
      "value": 7.04,
      "unit": "€"
    },
    "productPrice": {
      "value": 7.04,
      "unit": "€"
    },
    "productPricePerUnit": {
      "value": 20.11,
      "unit": "€/l"
    },
    "productPriceWithLoyaltyCard": {
      "value": 3.99,
      "unit": "€"
    },
    "productPricePerUnitWithLoyaltyCard": {
      "value": 11.4,
      "unit": "€/l"
    },
    "imageUrl": "https://cdn.barbora.lv/products/07924479-7859-4c57-abed-541c143e387d_s.png",
    "available": true,
    "discount": 43
  },
  {
    "shop": "MAXIMA",
    "categories": [
      1,
      1001,
      10010015
    ],
    "productName": "Sodža JINRO Greipfrūtu 13% 0,35L",
    "productPriceOld": {
      "value": 7.04,
      "unit": "€"
    },
    "productPrice": {
      "value": 7.04,
      "unit": "€"
    },
    "productPricePerUnit": {
      "value": 20.11,
      "unit": "€/l"
    },
    "productPriceWithLoyaltyCard": {
      "value": 3.99,
      "unit": "€"
    },
    "productPricePerUnitWithLoyaltyCard": {
      "value": 11.4,
      "unit": "€/l"
    },
    "imageUrl": "https://cdn.barbora.lv/products/24093114-392f-44f1-9f91-80c075ede0b0_s.png",
    "available": true,
    "discount": 43
  },
  {
    "shop": "MAXIMA",
    "categories": [
      2,
      2005
    ],
    "productName": "Kūka Medus KŪKO 350g",
    "productPriceOld": null,
    "productPrice": {
      "value": 3.99,
      "unit": "€"
    },
    "productPricePerUnit": {
      "value": 11.4,
      "unit": "€/kg"
    },
    "productPriceWithLoyaltyCard": null,
    "productPricePerUnitWithLoyaltyCard": null,
    "imageUrl": "https://cdn.barbora.lv/products/df6c06d3-d138-48c7-bc02-e4c0e3bd3bad_s.png",
    "available": true,
    "discount": null
  },
  {
    "shop": "MAXIMA",
    "categories": [
      2,
      2002
    ],
    "productName": "Torte Karaliene PELLIJA 700g",
    "productPriceOld": null,
    "productPrice": {
      "value": 7.99,
      "unit": "€"
    },
    "productPricePerUnit": {
      "value": 11.41,
      "unit": "€/kg"
    },
    "productPriceWithLoyaltyCard": null,
    "productPricePerUnitWithLoyaltyCard": null,
    "imageUrl": "https://cdn.barbora.lv/products/2d623432-682f-46bc-8525-f78c5721c9f1_s.png",
    "available": true,
    "discount": null
  },
  {
    "shop": "MAXIMA",
    "categories": [
      2,
      2002
    ],
    "productName": "Torte Moka PELLIJA 700g",
    "productPriceOld": null,
    "productPrice": {
      "value": 7.99,
      "unit": "€"
    },
    "productPricePerUnit": {
      "value": 11.41,
      "unit": "€/kg"
    },
    "productPriceWithLoyaltyCard": null,
    "productPricePerUnitWithLoyaltyCard": null,
    "imageUrl": "https://cdn.barbora.lv/products/ec14b602-b004-418c-84d4-8d451604ad09_s.png",
    "available": true,
    "discount": null
  },
  {
    "shop": "CITRO",
    "categories": [
      1,
      1001,
      10010019
    ],
    "productName": "APERITĪVS VILLA ITALIA ORIGINAL 11% 0.7L",
    "productPriceOld": null,
    "productPrice": null,
    "productPricePerUnit": {
      "value": 11.41,
      "unit": "€/L"
    },
    "productPriceWithLoyaltyCard": null,
    "productPricePerUnitWithLoyaltyCard": null,
    "imageUrl": "https://rezekne.citro.lv/wp-content/uploads/2021/06/8594045652697-300x300.jpg",
    "available": true,
    "discount": null
  },
  {
    "shop": "RIMI",
    "categories": [
      2,
      2001,
      20010014
    ],
    "productName": "Maize bez miltiem 340g",
    "productPriceOld": null,
    "productPrice": {
      "value": 3.89,
      "unit": "€/gab"
    },
    "productPricePerUnit": {
      "value": 11.44,
      "unit": "€/kg"
    },
    "productPriceWithLoyaltyCard": null,
    "productPricePerUnitWithLoyaltyCard": null,
    "imageUrl": "https://rimibaltic-res.cloudinary.com/image/upload/d_ecommerce:backend-fallback.png/MAT_950431_PCE_LV",
    "available": true,
    "discount": null
  },
  {
    "shop": "RIMI",
    "categories": [
      1,
      1001,
      1001003
    ],
    "productName": "S.v. Mandorla Primitivo Puglia 13,5% 0,75l",
    "productPriceOld": null,
    "productPrice": {
      "value": 10.79,
      "unit": "€/gab"
    },
    "productPricePerUnit": {
      "value": 14.39,
      "unit": "€/l"
    },
    "productPriceWithLoyaltyCard": {
      "value": 8.59,
      "unit": "€"
    },
    "productPricePerUnitWithLoyaltyCard": {
      "value": 11.45,
      "unit": "€/l"
    },
    "imageUrl": "https://rimibaltic-res.cloudinary.com/image/upload/d_ecommerce:backend-fallback.png/MAT_7211400_PCE_LV",
    "available": true,
    "discount": 20
  },
  {
    "shop": "RIMI",
    "categories": [
      1,
      1001,
      1001003
    ],
    "productName": "Baltvīns Mandorla Pinot Grigio 11,5% 0,75l",
    "productPriceOld": null,
    "productPrice": {
      "value": 10.79,
      "unit": "€/gab"
    },
    "productPricePerUnit": {
      "value": 14.39,
      "unit": "€/l"
    },
    "productPriceWithLoyaltyCard": {
      "value": 8.59,
      "unit": "€"
    },
    "productPricePerUnitWithLoyaltyCard": {
      "value": 11.45,
      "unit": "€/l"
    },
    "imageUrl": "https://rimibaltic-res.cloudinary.com/image/upload/d_ecommerce:backend-fallback.png/MAT_7211389_PCE_LV",
    "available": true,
    "discount": 20
  },
  {
    "shop": "MAXIMA",
    "categories": [
      1,
      1001,
      1001003
    ],
    "productName": "Vīns ZENSA PRIMITIVO PUG ORG 0,75L 14%",
    "productPriceOld": {
      "value": 11.7,
      "unit": "€"
    },
    "productPrice": {
      "value": 11.7,
      "unit": "€"
    },
    "productPricePerUnit": {
      "value": 15.6,
      "unit": "€/l"
    },
    "productPriceWithLoyaltyCard": {
      "value": 8.59,
      "unit": "€"
    },
    "productPricePerUnitWithLoyaltyCard": {
      "value": 11.45,
      "unit": "€/l"
    },
    "imageUrl": "https://cdn.barbora.lv/products/b28505a1-9f76-4413-9514-4b6a8906fe3a_s.png",
    "available": true,
    "discount": 27
  },
  {
    "shop": "MAXIMA",
    "categories": [
      1,
      1001,
      1001003
    ],
    "productName": "Vīns VAUCHER Ventoux Blanc 13,5% 0,75L",
    "productPriceOld": null,
    "productPrice": {
      "value": 8.59,
      "unit": "€"
    },
    "productPricePerUnit": {
      "value": 11.45,
      "unit": "€/l"
    },
    "productPriceWithLoyaltyCard": null,
    "productPricePerUnitWithLoyaltyCard": null,
    "imageUrl": "https://cdn.barbora.lv/products/378f705a-d855-4d28-ab75-185aa590d332_s.png",
    "available": true,
    "discount": null
  },
  {
    "shop": "MAXIMA",
    "categories": [
      1,
      1001,
      1001003
    ],
    "productName": "Vīns VAUCHER VENTOUX ROUGE 14%0,75L",
    "productPriceOld": null,
    "productPrice": {
      "value": 8.59,
      "unit": "€"
    },
    "productPricePerUnit": {
      "value": 11.45,
      "unit": "€/l"
    },
    "productPriceWithLoyaltyCard": null,
    "productPricePerUnitWithLoyaltyCard": null,
    "imageUrl": "https://cdn.barbora.lv/products/9f685a6c-cc92-4eb4-b2fa-d46df97ae6a7_s.png",
    "available": true,
    "discount": null
  },
  {
    "shop": "MAXIMA",
    "categories": [
      1,
      1001,
      1001003
    ],
    "productName": "Vīns MAISON CASTEL BORD. SAUV. 0,75L 12%",
    "productPriceOld": {
      "value": 11.83,
      "unit": "€"
    },
    "productPrice": {
      "value": 11.83,
      "unit": "€"
    },
    "productPricePerUnit": {
      "value": 15.77,
      "unit": "€/l"
    },
    "productPriceWithLoyaltyCard": {
      "value": 8.59,
      "unit": "€"
    },
    "productPricePerUnitWithLoyaltyCard": {
      "value": 11.45,
      "unit": "€/l"
    },
    "imageUrl": "https://cdn.barbora.lv/products/d2449c98-f2f9-43f0-9d60-8ab23d5cae92_s.png",
    "available": true,
    "discount": 27
  },
  {
    "shop": "MAXIMA",
    "categories": [
      2,
      2001,
      20010011
    ],
    "productName": "Sausmaizītes SELGA Nature ar sēklām 200g",
    "productPriceOld": {
      "value": 3.09,
      "unit": "€"
    },
    "productPrice": {
      "value": 3.09,
      "unit": "€"
    },
    "productPricePerUnit": {
      "value": 15.45,
      "unit": "€/kg"
    },
    "productPriceWithLoyaltyCard": {
      "value": 2.29,
      "unit": "€"
    },
    "productPricePerUnitWithLoyaltyCard": {
      "value": 11.45,
      "unit": "€/kg"
    },
    "imageUrl": "https://cdn.barbora.lv/products/1fd1d586-279a-4357-a4d5-e8b97b6b6e22_s.png",
    "available": true,
    "discount": 26
  },
  {
    "shop": "MAXIMA",
    "categories": [
      2,
      2001,
      20010011
    ],
    "productName": "Sausmaizītes SELGA Nature ar sēklām čili 200g",
    "productPriceOld": {
      "value": 3.09,
      "unit": "€"
    },
    "productPrice": {
      "value": 3.09,
      "unit": "€"
    },
    "productPricePerUnit": {
      "value": 15.45,
      "unit": "€/kg"
    },
    "productPriceWithLoyaltyCard": {
      "value": 2.29,
      "unit": "€"
    },
    "productPricePerUnitWithLoyaltyCard": {
      "value": 11.45,
      "unit": "€/kg"
    },
    "imageUrl": "https://cdn.barbora.lv/products/fe170a9a-da23-4efe-a125-533943401043_s.png",
    "available": true,
    "discount": 26
  },
  {
    "shop": "MAXIMA",
    "categories": [
      2,
      2001,
      20010014
    ],
    "productName": "Sausmaizītes SELGA Nature ar timiānu 200g",
    "productPriceOld": {
      "value": 3.39,
      "unit": "€"
    },
    "productPrice": {
      "value": 3.39,
      "unit": "€"
    },
    "productPricePerUnit": {
      "value": 16.95,
      "unit": "€/kg"
    },
    "productPriceWithLoyaltyCard": {
      "value": 2.29,
      "unit": "€"
    },
    "productPricePerUnitWithLoyaltyCard": {
      "value": 11.45,
      "unit": "€/kg"
    },
    "imageUrl": "https://cdn.barbora.lv/products/cb301c88-4648-4f5b-adb9-575170bf6451_s.png",
    "available": true,
    "discount": 32
  },
  {
    "shop": "RIMI",
    "categories": [
      2,
      2001,
      20010011
    ],
    "productName": "Riduto sausmaizītes Danvita ar Sēklām 130g",
    "productPriceOld": null,
    "productPrice": {
      "value": 1.49,
      "unit": "€/gab"
    },
    "productPricePerUnit": {
      "value": 11.46,
      "unit": "€/kg"
    },
    "productPriceWithLoyaltyCard": null,
    "productPricePerUnitWithLoyaltyCard": null,
    "imageUrl": "https://rimibaltic-res.cloudinary.com/image/upload/d_ecommerce:backend-fallback.png/MAT_286218_PCE_LV",
    "available": true,
    "discount": null
  },
  {
    "shop": "RIMI",
    "categories": [
      1,
      1002,
      10010020
    ],
    "productName": "Smūtijs Rūdolfs intelektam BIO 260ml",
    "productPriceOld": null,
    "productPrice": {
      "value": 2.99,
      "unit": "€/gab"
    },
    "productPricePerUnit": {
      "value": 11.5,
      "unit": "€/l"
    },
    "productPriceWithLoyaltyCard": null,
    "productPricePerUnitWithLoyaltyCard": null,
    "imageUrl": "https://rimibaltic-res.cloudinary.com/image/upload/d_ecommerce:backend-fallback.png/MAT_1362980_PCE_LV",
    "available": true,
    "discount": null
  },
  {
    "shop": "RIMI",
    "categories": [
      1,
      1002,
      10010020
    ],
    "productName": "Smūtijs Rūdolfs iedvesmai BIO 260ml",
    "productPriceOld": null,
    "productPrice": {
      "value": 2.99,
      "unit": "€/gab"
    },
    "productPricePerUnit": {
      "value": 11.5,
      "unit": "€/l"
    },
    "productPriceWithLoyaltyCard": null,
    "productPricePerUnitWithLoyaltyCard": null,
    "imageUrl": "https://rimibaltic-res.cloudinary.com/image/upload/d_ecommerce:backend-fallback.png/MAT_1362981_PCE_LV",
    "available": true,
    "discount": null
  },
  {
    "shop": "RIMI",
    "categories": [
      1,
      1002,
      10010020
    ],
    "productName": "Smūtijs Rūdolfs priekam BIO 260ml",
    "productPriceOld": null,
    "productPrice": {
      "value": 2.99,
      "unit": "€/gab"
    },
    "productPricePerUnit": {
      "value": 11.5,
      "unit": "€/l"
    },
    "productPriceWithLoyaltyCard": null,
    "productPricePerUnitWithLoyaltyCard": null,
    "imageUrl": "https://rimibaltic-res.cloudinary.com/image/upload/d_ecommerce:backend-fallback.png/MAT_1362982_PCE_LV",
    "available": true,
    "discount": null
  },
  {
    "shop": "MAXIMA",
    "categories": [
      2,
      20011
    ],
    "productName": "Smalkmaizīte Cukuriņš ar marcipānu 60g",
    "productPriceOld": null,
    "productPrice": {
      "value": 0.69,
      "unit": "€"
    },
    "productPricePerUnit": {
      "value": 11.5,
      "unit": "€/kg"
    },
    "productPriceWithLoyaltyCard": null,
    "productPricePerUnitWithLoyaltyCard": null,
    "imageUrl": "https://cdn.barbora.lv/products/cd305748-717e-4f85-8e31-8942eed19dd9_s.png",
    "available": true,
    "discount": null
  },
  {
    "shop": "MAXIMA",
    "categories": [
      2,
      2001,
      20010014
    ],
    "productName": "Smalkmaizīte Siera 60g",
    "productPriceOld": null,
    "productPrice": {
      "value": 0.69,
      "unit": "€"
    },
    "productPricePerUnit": {
      "value": 11.5,
      "unit": "€/kg"
    },
    "productPriceWithLoyaltyCard": null,
    "productPricePerUnitWithLoyaltyCard": null,
    "imageUrl": "https://cdn.barbora.lv/products/6ccdcadc-4645-4800-8921-045d2fe63d38_s.png",
    "available": true,
    "discount": null
  },
  {
    "shop": "MAXIMA",
    "categories": [
      2,
      20011
    ],
    "productName": "Smalkmaizīte BRŪKLENĪTE 60g",
    "productPriceOld": null,
    "productPrice": {
      "value": 0.69,
      "unit": "€"
    },
    "productPricePerUnit": {
      "value": 11.5,
      "unit": "€/kg"
    },
    "productPriceWithLoyaltyCard": null,
    "productPricePerUnitWithLoyaltyCard": null,
    "imageUrl": "https://cdn.barbora.lv/products/893d6951-0b60-425d-a212-7d80122293b1_s.png",
    "available": true,
    "discount": null
  },
  {
    "shop": "MAXIMA",
    "categories": [
      2,
      2008
    ],
    "productName": "Virtulis ar kokosriekstu pildījumu 60g atkausēts",
    "productPriceOld": null,
    "productPrice": {
      "value": 0.69,
      "unit": "€"
    },
    "productPricePerUnit": {
      "value": 11.5,
      "unit": "€/kg"
    },
    "productPriceWithLoyaltyCard": null,
    "productPricePerUnitWithLoyaltyCard": null,
    "imageUrl": "https://cdn.barbora.lv/products/b431e21f-bc65-4b49-b0ba-08fc3e4195b6_s.png",
    "available": true,
    "discount": null
  },
  {
    "shop": "MAXIMA",
    "categories": [
      2,
      2007
    ],
    "productName": "Mafins Mājas Home cake bez rauga 260g",
    "productPriceOld": null,
    "productPrice": {
      "value": 2.99,
      "unit": "€"
    },
    "productPricePerUnit": {
      "value": 11.5,
      "unit": "€/kg"
    },
    "productPriceWithLoyaltyCard": null,
    "productPricePerUnitWithLoyaltyCard": null,
    "imageUrl": "https://cdn.barbora.lv/products/4bb7c38b-3327-471a-aaa1-1ec810640bdc_s.png",
    "available": true,
    "discount": null
  },
  {
    "shop": "RIMI",
    "categories": [
      2,
      2005
    ],
    "productName": "Kūka Kūko ķiršu 320g",
    "productPriceOld": {
      "value": 4.29,
      "unit": "€"
    },
    "productPrice": {
      "value": 3.69,
      "unit": "€/gab"
    },
    "productPricePerUnit": {
      "value": 11.53,
      "unit": "€/kg"
    },
    "productPriceWithLoyaltyCard": null,
    "productPricePerUnitWithLoyaltyCard": null,
    "imageUrl": "https://rimibaltic-res.cloudinary.com/image/upload/d_ecommerce:backend-fallback.png/MAT_955792_PCE_LV",
    "available": true,
    "discount": 14
  },
  {
    "shop": "RIMI",
    "categories": [
      1,
      1001,
      1001003
    ],
    "productName": "S.v. Jacobs Creek Shiraz Cab. 13,5% 0,75l",
    "productPriceOld": null,
    "productPrice": {
      "value": 8.65,
      "unit": "€/gab"
    },
    "productPricePerUnit": {
      "value": 11.53,
      "unit": "€/l"
    },
    "productPriceWithLoyaltyCard": null,
    "productPricePerUnitWithLoyaltyCard": null,
    "imageUrl": "https://rimibaltic-res.cloudinary.com/image/upload/d_ecommerce:backend-fallback.png/MAT_101878_PCE_LV",
    "available": true,
    "discount": null
  },
  {
    "shop": "RIMI",
    "categories": [
      1,
      1001,
      1001003
    ],
    "productName": "B.v. Jacobs Creek Riesling 11,5% 0,75l",
    "productPriceOld": null,
    "productPrice": {
      "value": 8.65,
      "unit": "€/gab"
    },
    "productPricePerUnit": {
      "value": 11.53,
      "unit": "€/l"
    },
    "productPriceWithLoyaltyCard": null,
    "productPricePerUnitWithLoyaltyCard": null,
    "imageUrl": "https://rimibaltic-res.cloudinary.com/image/upload/d_ecommerce:backend-fallback.png/MAT_107984_PCE_LV",
    "available": true,
    "discount": null
  },
  {
    "shop": "MAXIMA",
    "categories": [
      1,
      1001,
      1001003
    ],
    "productName": "Vīns JACOB'S CREEK Riesling 11% 0,75L",
    "productPriceOld": null,
    "productPrice": {
      "value": 8.65,
      "unit": "€"
    },
    "productPricePerUnit": {
      "value": 11.53,
      "unit": "€/l"
    },
    "productPriceWithLoyaltyCard": null,
    "productPricePerUnitWithLoyaltyCard": null,
    "imageUrl": "https://cdn.barbora.lv/products/a8b34e9f-1faa-40e9-9f9f-0f737d4a8810_s.png",
    "available": true,
    "discount": null
  },
  {
    "shop": "MAXIMA",
    "categories": [
      1,
      1001,
      1001003
    ],
    "productName": "Vīns JACOB'S CREEK Shiraz Cab.14% 0,75L",
    "productPriceOld": null,
    "productPrice": {
      "value": 8.65,
      "unit": "€"
    },
    "productPricePerUnit": {
      "value": 11.53,
      "unit": "€/l"
    },
    "productPriceWithLoyaltyCard": null,
    "productPricePerUnitWithLoyaltyCard": null,
    "imageUrl": "https://cdn.barbora.lv/products/c8ccf62e-eb8f-43b1-a7fc-895f2b320268_s.png",
    "available": true,
    "discount": null
  },
  {
    "shop": "MAXIMA",
    "categories": [
      1,
      1001,
      1001003
    ],
    "productName": "Vīns TELIANI OLD GRUZIA RED 12% 0,75L",
    "productPriceOld": null,
    "productPrice": {
      "value": 8.66,
      "unit": "€"
    },
    "productPricePerUnit": {
      "value": 11.55,
      "unit": "€/l"
    },
    "productPriceWithLoyaltyCard": null,
    "productPricePerUnitWithLoyaltyCard": null,
    "imageUrl": "https://cdn.barbora.lv/products/bf597941-a958-41dd-9056-85655fd683d0_s.png",
    "available": true,
    "discount": null
  },
  {
    "shop": "MAXIMA",
    "categories": [
      1,
      1001,
      1001003
    ],
    "productName": "Vīns TELIANI OLD GRUZIA WHITE. 12% 0,75L",
    "productPriceOld": null,
    "productPrice": {
      "value": 8.66,
      "unit": "€"
    },
    "productPricePerUnit": {
      "value": 11.55,
      "unit": "€/l"
    },
    "productPriceWithLoyaltyCard": null,
    "productPricePerUnitWithLoyaltyCard": null,
    "imageUrl": "https://cdn.barbora.lv/products/b810394c-6fd6-4a38-ad4a-d7a50641ebc7_s.png",
    "available": true,
    "discount": null
  },
  {
    "shop": "RIMI",
    "categories": [
      1,
      1001,
      1001005
    ],
    "productName": "Alkoh. kokteilis Black Balsam Spritz 8% 0,25l",
    "productPriceOld": null,
    "productPrice": {
      "value": 2.89,
      "unit": "€/gab"
    },
    "productPricePerUnit": {
      "value": 11.56,
      "unit": "€/l"
    },
    "productPriceWithLoyaltyCard": null,
    "productPricePerUnitWithLoyaltyCard": null,
    "imageUrl": "https://rimibaltic-res.cloudinary.com/image/upload/d_ecommerce:backend-fallback.png/MAT_1373499_PCE_LV",
    "available": true,
    "discount": null
  },
  {
    "shop": "MAXIMA",
    "categories": [
      2,
      2001,
      2001004
    ],
    "productName": "Sausmaizītes rudzu WASA Fibre 230g",
    "productPriceOld": null,
    "productPrice": {
      "value": 2.66,
      "unit": "€"
    },
    "productPricePerUnit": {
      "value": 11.57,
      "unit": "€/kg"
    },
    "productPriceWithLoyaltyCard": null,
    "productPricePerUnitWithLoyaltyCard": null,
    "imageUrl": "https://cdn.barbora.lv/products/f04c3759-17f8-47ee-a8d0-2719e086524e_s.png",
    "available": true,
    "discount": null
  },
  {
    "shop": "RIMI",
    "categories": [
      2,
      2001,
      20010015
    ],
    "productName": "Lavašs Klasiskais 120g",
    "productPriceOld": null,
    "productPrice": {
      "value": 1.39,
      "unit": "€/gab"
    },
    "productPricePerUnit": {
      "value": 11.58,
      "unit": "€/kg"
    },
    "productPriceWithLoyaltyCard": null,
    "productPricePerUnitWithLoyaltyCard": null,
    "imageUrl": "https://rimibaltic-res.cloudinary.com/image/upload/d_ecommerce:backend-fallback.png/MAT_917965_PCE_LV",
    "available": true,
    "discount": null
  },
  {
    "shop": "MAXIMA",
    "categories": [
      2,
      2001,
      20010015
    ],
    "productName": "Lavašs KLASISKAIS 120g",
    "productPriceOld": null,
    "productPrice": {
      "value": 1.39,
      "unit": "€"
    },
    "productPricePerUnit": {
      "value": 11.58,
      "unit": "€/kg"
    },
    "productPriceWithLoyaltyCard": null,
    "productPricePerUnitWithLoyaltyCard": null,
    "imageUrl": "https://cdn.barbora.lv/products/c4baf694-c655-4f7f-b9cd-4c9c94c5f965_s.png",
    "available": true,
    "discount": null
  },
  {
    "shop": "RIMI",
    "categories": [
      1,
      1001,
      1001003
    ],
    "productName": "S.v. Marani Telavuri 11.5% 0.75l",
    "productPriceOld": null,
    "productPrice": {
      "value": 8.69,
      "unit": "€/gab"
    },
    "productPricePerUnit": {
      "value": 11.59,
      "unit": "€/l"
    },
    "productPriceWithLoyaltyCard": null,
    "productPricePerUnitWithLoyaltyCard": null,
    "imageUrl": "https://rimibaltic-res.cloudinary.com/image/upload/d_ecommerce:backend-fallback.png/MAT_7000187_PCE_LV",
    "available": true,
    "discount": null
  },
  {
    "shop": "RIMI",
    "categories": [
      1,
      1001,
      1001003
    ],
    "productName": "S.v. Hardys Bin 343 cab.shir.13%0.75l",
    "productPriceOld": null,
    "productPrice": {
      "value": 8.69,
      "unit": "€/gab"
    },
    "productPricePerUnit": {
      "value": 11.59,
      "unit": "€/l"
    },
    "productPriceWithLoyaltyCard": null,
    "productPricePerUnitWithLoyaltyCard": null,
    "imageUrl": "https://rimibaltic-res.cloudinary.com/image/upload/d_ecommerce:backend-fallback.png/MAT_679680_PCE_LV",
    "available": true,
    "discount": null
  },
  {
    "shop": "RIMI",
    "categories": [
      1,
      1001,
      1001003
    ],
    "productName": "B.v. Hardys Bin 141 Col.Chard. 12% 0,75l",
    "productPriceOld": null,
    "productPrice": {
      "value": 8.69,
      "unit": "€/gab"
    },
    "productPricePerUnit": {
      "value": 11.59,
      "unit": "€/l"
    },
    "productPriceWithLoyaltyCard": null,
    "productPricePerUnitWithLoyaltyCard": null,
    "imageUrl": "https://rimibaltic-res.cloudinary.com/image/upload/d_ecommerce:backend-fallback.png/MAT_679667_PCE_LV",
    "available": true,
    "discount": null
  },
  {
    "shop": "RIMI",
    "categories": [
      1,
      1001,
      1001003
    ],
    "productName": "B.v. Marani Telavuri, sausais 12% 0,75l",
    "productPriceOld": null,
    "productPrice": {
      "value": 8.69,
      "unit": "€/gab"
    },
    "productPricePerUnit": {
      "value": 11.59,
      "unit": "€/l"
    },
    "productPriceWithLoyaltyCard": null,
    "productPricePerUnitWithLoyaltyCard": null,
    "imageUrl": "https://rimibaltic-res.cloudinary.com/image/upload/d_ecommerce:backend-fallback.png/MAT_7234502_PCE_LV",
    "available": true,
    "discount": null
  },
  {
    "shop": "MAXIMA",
    "categories": [
      1,
      1001,
      1001006
    ],
    "productName": "Vermuts MARTINI Bianco 15% 1L",
    "productPriceOld": {
      "value": 15.72,
      "unit": "€"
    },
    "productPrice": {
      "value": 15.72,
      "unit": "€"
    },
    "productPricePerUnit": {
      "value": 15.72,
      "unit": "€/l"
    },
    "productPriceWithLoyaltyCard": {
      "value": 11.59,
      "unit": "€"
    },
    "productPricePerUnitWithLoyaltyCard": {
      "value": 11.59,
      "unit": "€/l"
    },
    "imageUrl": "https://cdn.barbora.lv/products/9895d4c5-3990-43f5-bbef-b7e7861438bf_s.png",
    "available": true,
    "discount": 26
  },
  {
    "shop": "MAXIMA",
    "categories": [
      1,
      1001,
      1001006
    ],
    "productName": "Vermuts MARTINI Dry 15% 1L",
    "productPriceOld": {
      "value": 15.71,
      "unit": "€"
    },
    "productPrice": {
      "value": 15.71,
      "unit": "€"
    },
    "productPricePerUnit": {
      "value": 15.71,
      "unit": "€/l"
    },
    "productPriceWithLoyaltyCard": {
      "value": 11.59,
      "unit": "€"
    },
    "productPricePerUnitWithLoyaltyCard": {
      "value": 11.59,
      "unit": "€/l"
    },
    "imageUrl": "https://cdn.barbora.lv/products/5aeb455e-e458-40c5-bbc2-ae5d5588c58f_s.png",
    "available": true,
    "discount": 26
  },
  {
    "shop": "MAXIMA",
    "categories": [
      1,
      1001,
      1001006
    ],
    "productName": "Vermuts MARTINI Rosso 15% 1L",
    "productPriceOld": {
      "value": 15.71,
      "unit": "€"
    },
    "productPrice": {
      "value": 15.71,
      "unit": "€"
    },
    "productPricePerUnit": {
      "value": 15.71,
      "unit": "€/l"
    },
    "productPriceWithLoyaltyCard": {
      "value": 11.59,
      "unit": "€"
    },
    "productPricePerUnitWithLoyaltyCard": {
      "value": 11.59,
      "unit": "€/l"
    },
    "imageUrl": "https://cdn.barbora.lv/products/a8350849-0de9-43f5-9242-4a49f4d5cfb0_s.png",
    "available": true,
    "discount": 26
  },
  {
    "shop": "MAXIMA",
    "categories": [
      1,
      1001,
      1001006
    ],
    "productName": "Vermuts MARTINI Fiero 14,9% 1L",
    "productPriceOld": {
      "value": 15.72,
      "unit": "€"
    },
    "productPrice": {
      "value": 15.72,
      "unit": "€"
    },
    "productPricePerUnit": {
      "value": 15.72,
      "unit": "€/l"
    },
    "productPriceWithLoyaltyCard": {
      "value": 11.59,
      "unit": "€"
    },
    "productPricePerUnitWithLoyaltyCard": {
      "value": 11.59,
      "unit": "€/l"
    },
    "imageUrl": "https://cdn.barbora.lv/products/030572cf-2f76-4588-88aa-9f1cdea4d047_s.png",
    "available": true,
    "discount": 26
  },
  {
    "shop": "MAXIMA",
    "categories": [
      1,
      1001,
      1001003
    ],
    "productName": "Vīns MARANI TELAVURI WHITE 11,5% 0,75L",
    "productPriceOld": null,
    "productPrice": {
      "value": 8.69,
      "unit": "€"
    },
    "productPricePerUnit": {
      "value": 11.59,
      "unit": "€/l"
    },
    "productPriceWithLoyaltyCard": null,
    "productPricePerUnitWithLoyaltyCard": null,
    "imageUrl": "https://cdn.barbora.lv/products/003161b7-7521-46d8-98a6-64050552b622_s.png",
    "available": true,
    "discount": null
  },
  {
    "shop": "MAXIMA",
    "categories": [
      2,
      2005
    ],
    "productName": "Biezpienmaize ar rozīnēm MEISTARA MARKA 300g",
    "productPriceOld": null,
    "productPrice": {
      "value": 3.49,
      "unit": "€"
    },
    "productPricePerUnit": {
      "value": 11.63,
      "unit": "€/kg"
    },
    "productPriceWithLoyaltyCard": null,
    "productPricePerUnitWithLoyaltyCard": null,
    "imageUrl": "https://cdn.barbora.lv/products/b26b79ef-8b42-4ee5-a5cd-c2b861bbf355_s.png",
    "available": true,
    "discount": null
  },
  {
    "shop": "RIMI",
    "categories": [
      2,
      2002
    ],
    "productName": "Torte zemeņu deserts 600g",
    "productPriceOld": {
      "value": 7.99,
      "unit": "€"
    },
    "productPrice": {
      "value": 6.99,
      "unit": "€/gab"
    },
    "productPricePerUnit": {
      "value": 11.65,
      "unit": "€/kg"
    },
    "productPriceWithLoyaltyCard": null,
    "productPricePerUnitWithLoyaltyCard": null,
    "imageUrl": "https://rimibaltic-res.cloudinary.com/image/upload/d_ecommerce:backend-fallback.png/MAT_919808_PCE_LV",
    "available": true,
    "discount": 13
  },
  {
    "shop": "MAXIMA",
    "categories": [
      1,
      1001,
      1001003
    ],
    "productName": "Vīns HXM RIESLING pussausais 10,5% 1L",
    "productPriceOld": null,
    "productPrice": {
      "value": 11.68,
      "unit": "€"
    },
    "productPricePerUnit": {
      "value": 11.68,
      "unit": "€/l"
    },
    "productPriceWithLoyaltyCard": null,
    "productPricePerUnitWithLoyaltyCard": null,
    "imageUrl": "https://cdn.barbora.lv/products/e48e4af8-c189-4601-8d0c-631c075f93a8_s.png",
    "available": true,
    "discount": null
  },
  {
    "shop": "MAXIMA",
    "categories": [
      1,
      1001,
      1001003
    ],
    "productName": "Vīns HXM RIESLING sausais 11,5% 1L",
    "productPriceOld": null,
    "productPrice": {
      "value": 11.68,
      "unit": "€"
    },
    "productPricePerUnit": {
      "value": 11.68,
      "unit": "€/l"
    },
    "productPriceWithLoyaltyCard": null,
    "productPricePerUnitWithLoyaltyCard": null,
    "imageUrl": "https://cdn.barbora.lv/products/a4f6f0b0-7272-42c1-b1db-fff9e1ab1de6_s.png",
    "available": true,
    "discount": null
  },
  {
    "shop": "MAXIMA",
    "categories": [
      1,
      1001,
      1001003
    ],
    "productName": "Vīns NEIRANO PINOT GRIGIO 11,5% 0,75L",
    "productPriceOld": null,
    "productPrice": {
      "value": 8.79,
      "unit": "€"
    },
    "productPricePerUnit": {
      "value": 11.72,
      "unit": "€/l"
    },
    "productPriceWithLoyaltyCard": null,
    "productPricePerUnitWithLoyaltyCard": null,
    "imageUrl": "https://cdn.barbora.lv/products/994abe3f-b01e-436f-9a06-e406c97e0628_s.png",
    "available": true,
    "discount": null
  },
  {
    "shop": "RIMI",
    "categories": [
      2,
      2001,
      20010014
    ],
    "productName": "Sausmaizītes Finn Crisp tradicionālās 200g",
    "productPriceOld": null,
    "productPrice": {
      "value": 2.35,
      "unit": "€/gab"
    },
    "productPricePerUnit": {
      "value": 11.75,
      "unit": "€/kg"
    },
    "productPriceWithLoyaltyCard": null,
    "productPricePerUnitWithLoyaltyCard": null,
    "imageUrl": "https://rimibaltic-res.cloudinary.com/image/upload/d_ecommerce:backend-fallback.png/MAT_105298_PCE_LV",
    "available": true,
    "discount": null
  },
  {
    "shop": "RIMI",
    "categories": [
      2,
      2005
    ],
    "productName": "Kūka Svētku biezpiena 450g",
    "productPriceOld": {
      "value": 6.49,
      "unit": "€"
    },
    "productPrice": {
      "value": 5.29,
      "unit": "€/gab"
    },
    "productPricePerUnit": {
      "value": 11.76,
      "unit": "€/kg"
    },
    "productPriceWithLoyaltyCard": null,
    "productPricePerUnitWithLoyaltyCard": null,
    "imageUrl": "https://rimibaltic-res.cloudinary.com/image/upload/d_ecommerce:backend-fallback.png/MAT_968871_PCE_LV",
    "available": true,
    "discount": 18
  },
  {
    "shop": "RIMI",
    "categories": [
      1,
      1002,
      10010020
    ],
    "productName": "Dabīgā aroniju sula Very Berry 0,33l",
    "productPriceOld": null,
    "productPrice": {
      "value": 3.89,
      "unit": "€/gab"
    },
    "productPricePerUnit": {
      "value": 11.79,
      "unit": "€/l"
    },
    "productPriceWithLoyaltyCard": null,
    "productPricePerUnitWithLoyaltyCard": null,
    "imageUrl": "https://rimibaltic-res.cloudinary.com/image/upload/d_ecommerce:backend-fallback.png/MAT_1358674_PCE_LV",
    "available": true,
    "discount": null
  },
  {
    "shop": "RIMI",
    "categories": [
      2,
      2007
    ],
    "productName": "Kēksi Magdalēnas 250g",
    "productPriceOld": null,
    "productPrice": {
      "value": 2.95,
      "unit": "€/gab"
    },
    "productPricePerUnit": {
      "value": 11.8,
      "unit": "€/kg"
    },
    "productPriceWithLoyaltyCard": null,
    "productPricePerUnitWithLoyaltyCard": null,
    "imageUrl": "https://rimibaltic-res.cloudinary.com/image/upload/d_ecommerce:backend-fallback.png/MAT_908919_PCE_LV",
    "available": true,
    "discount": null
  },
  {
    "shop": "MAXIMA",
    "categories": [
      1,
      1001,
      1001003
    ],
    "productName": "Vīna dzēriens TAKARA PLUM 10% 0,75l",
    "productPriceOld": null,
    "productPrice": {
      "value": 8.85,
      "unit": "€"
    },
    "productPricePerUnit": {
      "value": 11.8,
      "unit": "€/l"
    },
    "productPriceWithLoyaltyCard": null,
    "productPricePerUnitWithLoyaltyCard": null,
    "imageUrl": "https://cdn.barbora.lv/products/55ce93cd-e1dd-419e-800e-10c2384513e2_s.png",
    "available": true,
    "discount": null
  },
  {
    "shop": "MAXIMA",
    "categories": [
      2,
      2001,
      20010015
    ],
    "productName": "Groziņi ar avenēm MEISTARA MARKA 2x80g",
    "productPriceOld": {
      "value": 2.69,
      "unit": "€"
    },
    "productPrice": {
      "value": 1.89,
      "unit": "€"
    },
    "productPricePerUnit": {
      "value": 11.81,
      "unit": "€/kg"
    },
    "productPriceWithLoyaltyCard": null,
    "productPricePerUnitWithLoyaltyCard": null,
    "imageUrl": "https://cdn.barbora.lv/products/7fb25ce2-cf5c-482c-b41b-01742dcd98cc_s.png",
    "available": true,
    "discount": 30
  },
  {
    "shop": "RIMI",
    "categories": [
      1,
      1001,
      10010019
    ],
    "productName": "Stiprs alkoholisks dzēriens Hektors 32% 0,7l",
    "productPriceOld": null,
    "productPrice": {
      "value": 9.59,
      "unit": "€/gab"
    },
    "productPricePerUnit": {
      "value": 13.7,
      "unit": "€/l"
    },
    "productPriceWithLoyaltyCard": {
      "value": 8.29,
      "unit": "€"
    },
    "productPricePerUnitWithLoyaltyCard": {
      "value": 11.84,
      "unit": "€/l"
    },
    "imageUrl": "https://rimibaltic-res.cloudinary.com/image/upload/d_ecommerce:backend-fallback.png/MAT_711318_PCE_LV",
    "available": true,
    "discount": 14
  },
  {
    "shop": "MAXIMA",
    "categories": [
      1,
      1001,
      1001003
    ],
    "productName": "Vīns CASA CHARL.Flor.Pin.Grig.12% 0,75L",
    "productPriceOld": null,
    "productPrice": {
      "value": 8.88,
      "unit": "€"
    },
    "productPricePerUnit": {
      "value": 11.84,
      "unit": "€/l"
    },
    "productPriceWithLoyaltyCard": null,
    "productPricePerUnitWithLoyaltyCard": null,
    "imageUrl": "https://cdn.barbora.lv/products/8a4bd9b3-ef0d-4040-8436-b867e81af6ff_s.png",
    "available": true,
    "discount": null
  },
  {
    "shop": "RIMI",
    "categories": [
      1,
      1001,
      1001003
    ],
    "productName": "B.v. Casa Charlize Floreale Grigio 12% 0,75l",
    "productPriceOld": null,
    "productPrice": {
      "value": 8.89,
      "unit": "€/gab"
    },
    "productPricePerUnit": {
      "value": 11.85,
      "unit": "€/l"
    },
    "productPriceWithLoyaltyCard": null,
    "productPricePerUnitWithLoyaltyCard": null,
    "imageUrl": "https://rimibaltic-res.cloudinary.com/image/upload/d_ecommerce:backend-fallback.png/MAT_7283898_PCE_LV",
    "available": true,
    "discount": null
  },
  {
    "shop": "MAXIMA",
    "categories": [
      1,
      1001,
      1001003
    ],
    "productName": "Vīns DOMODO SANGIOVESE 12% 0,75L",
    "productPriceOld": null,
    "productPrice": {
      "value": 8.89,
      "unit": "€"
    },
    "productPricePerUnit": {
      "value": 11.85,
      "unit": "€/l"
    },
    "productPriceWithLoyaltyCard": null,
    "productPricePerUnitWithLoyaltyCard": null,
    "imageUrl": "https://cdn.barbora.lv/products/0c350a14-8775-4643-bb03-b5c5d4491d6d_s.png",
    "available": true,
    "discount": null
  },
  {
    "shop": "MAXIMA",
    "categories": [
      1,
      1001,
      1001003
    ],
    "productName": "Vīns LAB RED 13% 0,75L",
    "productPriceOld": null,
    "productPrice": {
      "value": 8.89,
      "unit": "€"
    },
    "productPricePerUnit": {
      "value": 11.85,
      "unit": "€/l"
    },
    "productPriceWithLoyaltyCard": null,
    "productPricePerUnitWithLoyaltyCard": null,
    "imageUrl": "https://cdn.barbora.lv/products/ec891e18-fccc-4d8b-92da-ab527dace3f2_s.png",
    "available": true,
    "discount": null
  },
  {
    "shop": "MAXIMA",
    "categories": [
      2,
      2005
    ],
    "productName": "Smalkmaizīte Biezpiena kabatiņa 75g",
    "productPriceOld": null,
    "productPrice": {
      "value": 0.89,
      "unit": "€"
    },
    "productPricePerUnit": {
      "value": 11.87,
      "unit": "€/kg"
    },
    "productPriceWithLoyaltyCard": null,
    "productPricePerUnitWithLoyaltyCard": null,
    "imageUrl": "https://cdn.barbora.lv/products/53fc0af2-9231-47b9-899b-e9d12ba713cb_s.png",
    "available": true,
    "discount": null
  },
  {
    "shop": "MAXIMA",
    "categories": [
      1,
      1002,
      10010020
    ],
    "productName": "Sula avokado svaiga 250ml D",
    "productPriceOld": null,
    "productPrice": {
      "value": 2.99,
      "unit": "€"
    },
    "productPricePerUnit": {
      "value": 11.96,
      "unit": "€/l"
    },
    "productPriceWithLoyaltyCard": null,
    "productPricePerUnitWithLoyaltyCard": null,
    "imageUrl": "https://cdn.barbora.lv/products/938e76ec-0706-4ec6-b4b4-19450cd71bf5_s.png",
    "available": true,
    "discount": null
  },
  {
    "shop": "RIMI",
    "categories": [
      1,
      1002,
      10010025
    ],
    "productName": "Ķiršu sīrups Pūre 350ml",
    "productPriceOld": null,
    "productPrice": {
      "value": 4.19,
      "unit": "€/gab"
    },
    "productPricePerUnit": {
      "value": 11.97,
      "unit": "€/l"
    },
    "productPriceWithLoyaltyCard": null,
    "productPricePerUnitWithLoyaltyCard": null,
    "imageUrl": "https://rimibaltic-res.cloudinary.com/image/upload/d_ecommerce:backend-fallback.png/MAT_161118_PCE_LV",
    "available": true,
    "discount": null
  },
  {
    "shop": "RIMI",
    "categories": [
      1,
      1002,
      10010025
    ],
    "productName": "Meža ogu sīrups Pūre 350ml",
    "productPriceOld": null,
    "productPrice": {
      "value": 4.19,
      "unit": "€/gab"
    },
    "productPricePerUnit": {
      "value": 11.97,
      "unit": "€/l"
    },
    "productPriceWithLoyaltyCard": null,
    "productPricePerUnitWithLoyaltyCard": null,
    "imageUrl": "https://rimibaltic-res.cloudinary.com/image/upload/d_ecommerce:backend-fallback.png/MAT_161119_PCE_LV",
    "available": true,
    "discount": null
  },
  {
    "shop": "RIMI",
    "categories": [
      1,
      1001,
      1001001
    ],
    "productName": "Alus Duvel 8,5% 0,33l",
    "productPriceOld": null,
    "productPrice": {
      "value": 3.95,
      "unit": "€/gab"
    },
    "productPricePerUnit": {
      "value": 11.97,
      "unit": "€/l"
    },
    "productPriceWithLoyaltyCard": null,
    "productPricePerUnitWithLoyaltyCard": null,
    "imageUrl": "https://rimibaltic-res.cloudinary.com/image/upload/d_ecommerce:backend-fallback.png/MAT_1350764_PCE_LV",
    "available": true,
    "discount": null
  },
  {
    "shop": "RIMI",
    "categories": [
      1,
      1001,
      10010019
    ],
    "productName": "Alkoholisks dzēriens Slavjanka 20% 0,5l",
    "productPriceOld": null,
    "productPrice": {
      "value": 7.59,
      "unit": "€/gab"
    },
    "productPricePerUnit": {
      "value": 15.18,
      "unit": "€/l"
    },
    "productPriceWithLoyaltyCard": {
      "value": 5.99,
      "unit": "€"
    },
    "productPricePerUnitWithLoyaltyCard": {
      "value": 11.98,
      "unit": "€/l"
    },
    "imageUrl": "https://rimibaltic-res.cloudinary.com/image/upload/d_ecommerce:backend-fallback.png/MAT_157361_PCE_LV",
    "available": true,
    "discount": 21
  },
  {
    "shop": "MAXIMA",
    "categories": [
      2,
      2005
    ],
    "productName": "Kūka krēma kārtojums ar ķiršiem MEISTARA MARKA 400g",
    "productPriceOld": null,
    "productPrice": {
      "value": 4.79,
      "unit": "€"
    },
    "productPricePerUnit": {
      "value": 11.98,
      "unit": "€/kg"
    },
    "productPriceWithLoyaltyCard": null,
    "productPricePerUnitWithLoyaltyCard": null,
    "imageUrl": "https://cdn.barbora.lv/products/edd81dca-b5a0-4cd5-91ab-f6747e4d4058_s.png",
    "available": true,
    "discount": null
  },
  {
    "shop": "CITRO",
    "categories": [
      1,
      1001,
      10010013
    ],
    "productName": "LIĶIERIS COFFEE 18% 0.5L",
    "productPriceOld": null,
    "productPrice": null,
    "productPricePerUnit": {
      "value": 11.98,
      "unit": "€/L"
    },
    "productPriceWithLoyaltyCard": null,
    "productPricePerUnitWithLoyaltyCard": null,
    "imageUrl": "https://rezekne.citro.lv/wp-content/uploads/2020/07/Citro-image-placeholder-3.png",
    "available": true,
    "discount": null
  },
  {
    "shop": "CITRO",
    "categories": [
      1,
      1001,
      10010013
    ],
    "productName": "LIĶIERIS CRANBERRY 18% 0.5L",
    "productPriceOld": null,
    "productPrice": null,
    "productPricePerUnit": {
      "value": 11.98,
      "unit": "€/L"
    },
    "productPriceWithLoyaltyCard": null,
    "productPricePerUnitWithLoyaltyCard": null,
    "imageUrl": "https://rezekne.citro.lv/wp-content/uploads/2024/10/4740077012334-300x300.jpeg",
    "available": true,
    "discount": null
  },
  {
    "shop": "CITRO",
    "categories": [
      1,
      1001,
      10010013
    ],
    "productName": "LIĶIERIS CRANBERRY 18% 0.5L",
    "productPriceOld": null,
    "productPrice": null,
    "productPricePerUnit": {
      "value": 11.98,
      "unit": "€/L"
    },
    "productPriceWithLoyaltyCard": null,
    "productPricePerUnitWithLoyaltyCard": null,
    "imageUrl": "https://rezekne.citro.lv/wp-content/uploads/2024/10/4740077012334-300x300.jpeg",
    "available": true,
    "discount": null
  },
  {
    "shop": "CITRO",
    "categories": [
      1,
      1001,
      10010013
    ],
    "productName": "LIĶIERIS PEPPERMINT 18% 0.5L",
    "productPriceOld": null,
    "productPrice": null,
    "productPricePerUnit": {
      "value": 11.98,
      "unit": "€/L"
    },
    "productPriceWithLoyaltyCard": null,
    "productPricePerUnitWithLoyaltyCard": null,
    "imageUrl": "https://rezekne.citro.lv/wp-content/uploads/2024/10/4751041590222-300x300.jpg",
    "available": true,
    "discount": null
  },
  {
    "shop": "RIMI",
    "categories": [
      2,
      2001,
      20010011
    ],
    "productName": "Siera cepumi ar sēklām kg",
    "productPriceOld": null,
    "productPrice": {
      "value": 11.99,
      "unit": "€/kg"
    },
    "productPricePerUnit": {
      "value": 11.99,
      "unit": "€/kg"
    },
    "productPriceWithLoyaltyCard": null,
    "productPricePerUnitWithLoyaltyCard": null,
    "imageUrl": "https://rimibaltic-res.cloudinary.com/image/upload/d_ecommerce:backend-fallback.png/MAT_286215_KGM_LV",
    "available": true,
    "discount": null
  },
  {
    "shop": "RIMI",
    "categories": [
      2,
      2003
    ],
    "productName": "Siera cepumi kg",
    "productPriceOld": null,
    "productPrice": {
      "value": 11.99,
      "unit": "€/kg"
    },
    "productPricePerUnit": {
      "value": 11.99,
      "unit": "€/kg"
    },
    "productPriceWithLoyaltyCard": null,
    "productPricePerUnitWithLoyaltyCard": null,
    "imageUrl": "https://rimibaltic-res.cloudinary.com/image/upload/d_ecommerce:backend-fallback.png/MAT_926185_KGM_LV",
    "available": true,
    "discount": null
  },
  {
    "shop": "RIMI",
    "categories": [
      1,
      1001,
      1001004
    ],
    "productName": "Dz.v. Cielo 10 Cielo 10 Bian.Frizz. 10% 0,75l",
    "productPriceOld": null,
    "productPrice": {
      "value": 8.99,
      "unit": "€/gab"
    },
    "productPricePerUnit": {
      "value": 11.99,
      "unit": "€/l"
    },
    "productPriceWithLoyaltyCard": null,
    "productPricePerUnitWithLoyaltyCard": null,
    "imageUrl": "https://rimibaltic-res.cloudinary.com/image/upload/d_ecommerce:backend-fallback.png/MAT_7137368_PCE_LV",
    "available": true,
    "discount": null
  },
  {
    "shop": "RIMI",
    "categories": [
      1,
      1001,
      1001004
    ],
    "productName": "Dz.v. Cielo 10 Rosato Merlot 10% 0,75l",
    "productPriceOld": null,
    "productPrice": {
      "value": 8.99,
      "unit": "€/gab"
    },
    "productPricePerUnit": {
      "value": 11.99,
      "unit": "€/l"
    },
    "productPriceWithLoyaltyCard": null,
    "productPricePerUnitWithLoyaltyCard": null,
    "imageUrl": "https://rimibaltic-res.cloudinary.com/image/upload/d_ecommerce:backend-fallback.png/MAT_7144039_PCE_LV",
    "available": true,
    "discount": null
  },
  {
    "shop": "RIMI",
    "categories": [
      1,
      1001,
      1001004
    ],
    "productName": "Dz.v. Martini Asti 7,5% 0,75l",
    "productPriceOld": null,
    "productPrice": {
      "value": 11.99,
      "unit": "€/gab"
    },
    "productPricePerUnit": {
      "value": 15.99,
      "unit": "€/l"
    },
    "productPriceWithLoyaltyCard": {
      "value": 8.99,
      "unit": "€"
    },
    "productPricePerUnitWithLoyaltyCard": {
      "value": 11.99,
      "unit": "€/l"
    },
    "imageUrl": "https://rimibaltic-res.cloudinary.com/image/upload/d_ecommerce:backend-fallback.png/MAT_102255_PCE_LV",
    "available": true,
    "discount": 25
  },
  {
    "shop": "RIMI",
    "categories": [
      1,
      1001,
      1001004
    ],
    "productName": "Dz.v. Louis Eschenauer Cremant de 11,5% 0,75l",
    "productPriceOld": null,
    "productPrice": {
      "value": 13.99,
      "unit": "€/gab"
    },
    "productPricePerUnit": {
      "value": 18.65,
      "unit": "€/l"
    },
    "productPriceWithLoyaltyCard": {
      "value": 8.99,
      "unit": "€"
    },
    "productPricePerUnitWithLoyaltyCard": {
      "value": 11.99,
      "unit": "€/l"
    },
    "imageUrl": "https://rimibaltic-res.cloudinary.com/image/upload/d_ecommerce:backend-fallback.png/MAT_7285386_PCE_LV",
    "available": true,
    "discount": 36
  },
  {
    "shop": "RIMI",
    "categories": [
      1,
      1001,
      1001004
    ],
    "productName": "Dz.v. Martini Prosecco Doc 11,5% 0,75l",
    "productPriceOld": null,
    "productPrice": {
      "value": 12.99,
      "unit": "€/gab"
    },
    "productPricePerUnit": {
      "value": 17.32,
      "unit": "€/l"
    },
    "productPriceWithLoyaltyCard": {
      "value": 8.99,
      "unit": "€"
    },
    "productPricePerUnitWithLoyaltyCard": {
      "value": 11.99,
      "unit": "€/l"
    },
    "imageUrl": "https://rimibaltic-res.cloudinary.com/image/upload/d_ecommerce:backend-fallback.png/MAT_152827_PCE_LV",
    "available": true,
    "discount": 31
  },
  {
    "shop": "RIMI",
    "categories": [
      1,
      1001,
      1001003
    ],
    "productName": "Sarkanvīns Teliani Valley Alazani 12% 0,75l",
    "productPriceOld": null,
    "productPrice": {
      "value": 8.99,
      "unit": "€/gab"
    },
    "productPricePerUnit": {
      "value": 11.99,
      "unit": "€/l"
    },
    "productPriceWithLoyaltyCard": null,
    "productPricePerUnitWithLoyaltyCard": null,
    "imageUrl": "https://rimibaltic-res.cloudinary.com/image/upload/d_ecommerce:backend-fallback.png/MAT_705428_PCE_LV",
    "available": true,
    "discount": null
  },
  {
    "shop": "RIMI",
    "categories": [
      1,
      1001,
      1001003
    ],
    "productName": "S.v. Marani Kindzmarauli 11,5% 0,75l",
    "productPriceOld": null,
    "productPrice": {
      "value": 13.69,
      "unit": "€/gab"
    },
    "productPricePerUnit": {
      "value": 18.25,
      "unit": "€/l"
    },
    "productPriceWithLoyaltyCard": {
      "value": 8.99,
      "unit": "€"
    },
    "productPricePerUnitWithLoyaltyCard": {
      "value": 11.99,
      "unit": "€/l"
    },
    "imageUrl": "https://rimibaltic-res.cloudinary.com/image/upload/d_ecommerce:backend-fallback.png/MAT_103700_PCE_LV",
    "available": true,
    "discount": 34
  },
  {
    "shop": "RIMI",
    "categories": [
      1,
      1001,
      1001004
    ],
    "productName": "Dz. vīns Martini Prosecco Rose 11,5% 0,75l",
    "productPriceOld": null,
    "productPrice": {
      "value": 12.99,
      "unit": "€/gab"
    },
    "productPricePerUnit": {
      "value": 17.32,
      "unit": "€/l"
    },
    "productPriceWithLoyaltyCard": {
      "value": 8.99,
      "unit": "€"
    },
    "productPricePerUnitWithLoyaltyCard": {
      "value": 11.99,
      "unit": "€/l"
    },
    "imageUrl": "https://rimibaltic-res.cloudinary.com/image/upload/d_ecommerce:backend-fallback.png/MAT_1009358_PCE_LV",
    "available": true,
    "discount": 31
  },
  {
    "shop": "RIMI",
    "categories": [
      1,
      1001,
      1001003
    ],
    "productName": "Baltvīns Koningsmosel Riesling 8,5% 0,75l",
    "productPriceOld": null,
    "productPrice": {
      "value": 8.99,
      "unit": "€/gab"
    },
    "productPricePerUnit": {
      "value": 11.99,
      "unit": "€/l"
    },
    "productPriceWithLoyaltyCard": null,
    "productPricePerUnitWithLoyaltyCard": null,
    "imageUrl": "https://rimibaltic-res.cloudinary.com/image/upload/d_ecommerce:backend-fallback.png/MAT_690434_PCE_LV",
    "available": true,
    "discount": null
  },
  {
    "shop": "RIMI",
    "categories": [
      1,
      1001,
      1001003
    ],
    "productName": "B.v. Teliani Valley Alazani 12% 0,75l",
    "productPriceOld": null,
    "productPrice": {
      "value": 8.99,
      "unit": "€/gab"
    },
    "productPricePerUnit": {
      "value": 11.99,
      "unit": "€/l"
    },
    "productPriceWithLoyaltyCard": null,
    "productPricePerUnitWithLoyaltyCard": null,
    "imageUrl": "https://rimibaltic-res.cloudinary.com/image/upload/d_ecommerce:backend-fallback.png/MAT_705427_PCE_LV",
    "available": true,
    "discount": null
  },
  {
    "shop": "RIMI",
    "categories": [
      1,
      1001,
      1001004
    ],
    "productName": "Dz.v. Martini Brut 11,5% 0,75l",
    "productPriceOld": null,
    "productPrice": {
      "value": 12.89,
      "unit": "€/gab"
    },
    "productPricePerUnit": {
      "value": 17.19,
      "unit": "€/l"
    },
    "productPriceWithLoyaltyCard": {
      "value": 8.99,
      "unit": "€"
    },
    "productPricePerUnitWithLoyaltyCard": {
      "value": 11.99,
      "unit": "€/l"
    },
    "imageUrl": "https://rimibaltic-res.cloudinary.com/image/upload/d_ecommerce:backend-fallback.png/MAT_460367_PCE_LV",
    "available": true,
    "discount": 30
  },
  {
    "shop": "RIMI",
    "categories": [
      1,
      1001,
      1001005
    ],
    "productName": "Alkohol. kokteilis Ezermežs Aperol 4,5% 0,75l",
    "productPriceOld": null,
    "productPrice": {
      "value": 8.99,
      "unit": "€/gab"
    },
    "productPricePerUnit": {
      "value": 11.99,
      "unit": "€/l"
    },
    "productPriceWithLoyaltyCard": null,
    "productPricePerUnitWithLoyaltyCard": null,
    "imageUrl": "https://rimibaltic-res.cloudinary.com/image/upload/d_ecommerce:backend-fallback.png/MAT_1372481_PCE_LV",
    "available": true,
    "discount": null
  },
  {
    "shop": "RIMI",
    "categories": [
      1,
      1001,
      1001003
    ],
    "productName": "S.v. Marani Akhasheni 11.5% 0.75l",
    "productPriceOld": null,
    "productPrice": {
      "value": 13.69,
      "unit": "€/gab"
    },
    "productPricePerUnit": {
      "value": 18.25,
      "unit": "€/l"
    },
    "productPriceWithLoyaltyCard": {
      "value": 8.99,
      "unit": "€"
    },
    "productPricePerUnitWithLoyaltyCard": {
      "value": 11.99,
      "unit": "€/l"
    },
    "imageUrl": "https://rimibaltic-res.cloudinary.com/image/upload/d_ecommerce:backend-fallback.png/MAT_678284_PCE_LV",
    "available": true,
    "discount": 34
  },
  {
    "shop": "RIMI",
    "categories": [
      1,
      1001,
      1001003
    ],
    "productName": "B.v. Sensi Mandriano Verement. 12,5% 0,75l",
    "productPriceOld": null,
    "productPrice": {
      "value": 15.25,
      "unit": "€/gab"
    },
    "productPricePerUnit": {
      "value": 20.33,
      "unit": "€/l"
    },
    "productPriceWithLoyaltyCard": {
      "value": 8.99,
      "unit": "€"
    },
    "productPricePerUnitWithLoyaltyCard": {
      "value": 11.99,
      "unit": "€/l"
    },
    "imageUrl": "https://rimibaltic-res.cloudinary.com/image/upload/d_ecommerce:backend-fallback.png/MAT_7220675_PCE_LV",
    "available": true,
    "discount": 41
  },
  {
    "shop": "RIMI",
    "categories": [
      1,
      1001,
      1001003
    ],
    "productName": "S.v. M. de Maria Tempranillo 14% 0,75l",
    "productPriceOld": null,
    "productPrice": {
      "value": 12.49,
      "unit": "€/gab"
    },
    "productPricePerUnit": {
      "value": 16.65,
      "unit": "€/l"
    },
    "productPriceWithLoyaltyCard": {
      "value": 8.99,
      "unit": "€"
    },
    "productPricePerUnitWithLoyaltyCard": {
      "value": 11.99,
      "unit": "€/l"
    },
    "imageUrl": "https://rimibaltic-res.cloudinary.com/image/upload/d_ecommerce:backend-fallback.png/MAT_7287518_PCE_LV",
    "available": true,
    "discount": 28
  },
  {
    "shop": "RIMI",
    "categories": [
      1,
      1001,
      1001003
    ],
    "productName": "B.v. M. de Maria Sauv. Blanc 12% 0,75l",
    "productPriceOld": null,
    "productPrice": {
      "value": 12.49,
      "unit": "€/gab"
    },
    "productPricePerUnit": {
      "value": 16.65,
      "unit": "€/l"
    },
    "productPriceWithLoyaltyCard": {
      "value": 8.99,
      "unit": "€"
    },
    "productPricePerUnitWithLoyaltyCard": {
      "value": 11.99,
      "unit": "€/l"
    },
    "imageUrl": "https://rimibaltic-res.cloudinary.com/image/upload/d_ecommerce:backend-fallback.png/MAT_7287519_PCE_LV",
    "available": true,
    "discount": 28
  },
  {
    "shop": "RIMI",
    "categories": [
      1,
      1001,
      1001005
    ],
    "productName": "Alkoh. kok. Ezermežs Cloudy Mohito 4,5% 0,75l",
    "productPriceOld": null,
    "productPrice": {
      "value": 8.99,
      "unit": "€/gab"
    },
    "productPricePerUnit": {
      "value": 11.99,
      "unit": "€/l"
    },
    "productPriceWithLoyaltyCard": null,
    "productPricePerUnitWithLoyaltyCard": null,
    "imageUrl": "https://rimibaltic-res.cloudinary.com/image/upload/d_ecommerce:backend-fallback.png/MAT_1372477_PCE_LV",
    "available": true,
    "discount": null
  },
  {
    "shop": "RIMI",
    "categories": [
      1,
      1001,
      1001005
    ],
    "productName": "Alkohol. kokteilis Ezermežs Punšs 4,5% 0,75l",
    "productPriceOld": null,
    "productPrice": {
      "value": 8.99,
      "unit": "€/gab"
    },
    "productPricePerUnit": {
      "value": 11.99,
      "unit": "€/l"
    },
    "productPriceWithLoyaltyCard": null,
    "productPricePerUnitWithLoyaltyCard": null,
    "imageUrl": "https://rimibaltic-res.cloudinary.com/image/upload/d_ecommerce:backend-fallback.png/MAT_1372478_PCE_LV",
    "available": true,
    "discount": null
  },
  {
    "shop": "RIMI",
    "categories": [
      1,
      1001,
      1001005
    ],
    "productName": "Alkoh. kok. Ezermežs Cloudy Mohito 4,5% 0,75l",
    "productPriceOld": null,
    "productPrice": {
      "value": 8.99,
      "unit": "€/gab"
    },
    "productPricePerUnit": {
      "value": 11.99,
      "unit": "€/l"
    },
    "productPriceWithLoyaltyCard": null,
    "productPricePerUnitWithLoyaltyCard": null,
    "imageUrl": "https://rimibaltic-res.cloudinary.com/image/upload/d_ecommerce:backend-fallback.png/MAT_1372477_PCE_LV",
    "available": true,
    "discount": null
  },
  {
    "shop": "RIMI",
    "categories": [
      1,
      1001,
      1001005
    ],
    "productName": "Alkohol. kokteilis Ezermežs Punšs 4,5% 0,75l",
    "productPriceOld": null,
    "productPrice": {
      "value": 8.99,
      "unit": "€/gab"
    },
    "productPricePerUnit": {
      "value": 11.99,
      "unit": "€/l"
    },
    "productPriceWithLoyaltyCard": null,
    "productPricePerUnitWithLoyaltyCard": null,
    "imageUrl": "https://rimibaltic-res.cloudinary.com/image/upload/d_ecommerce:backend-fallback.png/MAT_1372478_PCE_LV",
    "available": true,
    "discount": null
  },
  {
    "shop": "RIMI",
    "categories": [
      1,
      1001,
      1001003
    ],
    "productName": "Rozā vīns Sensi Tua Rosa 12,5% 0,75l",
    "productPriceOld": null,
    "productPrice": {
      "value": 15.25,
      "unit": "€/gab"
    },
    "productPricePerUnit": {
      "value": 20.33,
      "unit": "€/l"
    },
    "productPriceWithLoyaltyCard": {
      "value": 8.99,
      "unit": "€"
    },
    "productPricePerUnitWithLoyaltyCard": {
      "value": 11.99,
      "unit": "€/l"
    },
    "imageUrl": "https://rimibaltic-res.cloudinary.com/image/upload/d_ecommerce:backend-fallback.png/MAT_7220668_PCE_LV",
    "available": true,
    "discount": 41
  },
  {
    "shop": "MAXIMA",
    "categories": [
      1,
      1001,
      1001003
    ],
    "productName": "Vīns JUAN GIL MONASTRELL 14,5% 0,75L",
    "productPriceOld": {
      "value": 17.21,
      "unit": "€"
    },
    "productPrice": {
      "value": 17.21,
      "unit": "€"
    },
    "productPricePerUnit": {
      "value": 22.95,
      "unit": "€/l"
    },
    "productPriceWithLoyaltyCard": {
      "value": 8.99,
      "unit": "€"
    },
    "productPricePerUnitWithLoyaltyCard": {
      "value": 11.99,
      "unit": "€/l"
    },
    "imageUrl": "https://cdn.barbora.lv/products/71b06c4e-afdc-4b95-a54b-ad373175be67_s.png",
    "available": true,
    "discount": 48
  },
  {
    "shop": "MAXIMA",
    "categories": [
      1,
      1001,
      1001003
    ],
    "productName": "Vīns TALISMAN Kindzmarauli 11,5% 0,75L",
    "productPriceOld": {
      "value": 12.23,
      "unit": "€"
    },
    "productPrice": {
      "value": 12.23,
      "unit": "€"
    },
    "productPricePerUnit": {
      "value": 16.31,
      "unit": "€/l"
    },
    "productPriceWithLoyaltyCard": {
      "value": 8.99,
      "unit": "€"
    },
    "productPricePerUnitWithLoyaltyCard": {
      "value": 11.99,
      "unit": "€/l"
    },
    "imageUrl": "https://cdn.barbora.lv/products/deb10ad8-693b-4abd-bf72-93a1e4fb638f_s.png",
    "available": true,
    "discount": 26
  },
  {
    "shop": "MAXIMA",
    "categories": [
      1,
      1001,
      1001003
    ],
    "productName": "Vīns WILLIAM ROBERT.ChenBlanc 12,7%0,75L",
    "productPriceOld": null,
    "productPrice": {
      "value": 8.99,
      "unit": "€"
    },
    "productPricePerUnit": {
      "value": 11.99,
      "unit": "€/l"
    },
    "productPriceWithLoyaltyCard": null,
    "productPricePerUnitWithLoyaltyCard": null,
    "imageUrl": "https://cdn.barbora.lv/products/6cb4cb93-44f7-483d-9d01-e1ebf9c3a9bf_s.png",
    "available": true,
    "discount": null
  },
  {
    "shop": "MAXIMA",
    "categories": [
      1,
      1001,
      1001003
    ],
    "productName": "Vīns ARDUINI Primitivo Salento 13% 0,75L",
    "productPriceOld": null,
    "productPrice": {
      "value": 8.99,
      "unit": "€"
    },
    "productPricePerUnit": {
      "value": 11.99,
      "unit": "€/l"
    },
    "productPriceWithLoyaltyCard": null,
    "productPricePerUnitWithLoyaltyCard": null,
    "imageUrl": "https://cdn.barbora.lv/products/30545086-d71b-4e8c-bc98-79e60166e251_s.png",
    "available": true,
    "discount": null
  },
  {
    "shop": "MAXIMA",
    "categories": [
      1,
      1001,
      1001004
    ],
    "productName": "Dz.v.VALDO Prosecco Marca Oro 11% 0,75L",
    "productPriceOld": {
      "value": 13.82,
      "unit": "€"
    },
    "productPrice": {
      "value": 13.82,
      "unit": "€"
    },
    "productPricePerUnit": {
      "value": 18.43,
      "unit": "€/l"
    },
    "productPriceWithLoyaltyCard": {
      "value": 8.99,
      "unit": "€"
    },
    "productPricePerUnitWithLoyaltyCard": {
      "value": 11.99,
      "unit": "€/l"
    },
    "imageUrl": "https://cdn.barbora.lv/products/218eca9d-95c4-4252-8078-c718688897fa_s.png",
    "available": true,
    "discount": 35
  },
  {
    "shop": "MAXIMA",
    "categories": [
      1,
      1001,
      1001003
    ],
    "productName": "Vīns WILLIAM  ROBERTSON Shiraz 13,2% 0,75L",
    "productPriceOld": null,
    "productPrice": {
      "value": 8.99,
      "unit": "€"
    },
    "productPricePerUnit": {
      "value": 11.99,
      "unit": "€/l"
    },
    "productPriceWithLoyaltyCard": null,
    "productPricePerUnitWithLoyaltyCard": null,
    "imageUrl": "https://cdn.barbora.lv/products/650d3979-4b6d-4ae7-acec-f5738c3a059c_s.png",
    "available": true,
    "discount": null
  },
  {
    "shop": "MAXIMA",
    "categories": [
      2,
      2002
    ],
    "productName": "Torte Karameļu-šokolādes MM kg",
    "productPriceOld": null,
    "productPrice": {
      "value": 11.99,
      "unit": "€"
    },
    "productPricePerUnit": {
      "value": 11.99,
      "unit": "€/kg"
    },
    "productPriceWithLoyaltyCard": null,
    "productPricePerUnitWithLoyaltyCard": null,
    "imageUrl": "https://cdn.barbora.lv/products/5c6d4420-df93-42d0-a852-7887f502ca09_s.png",
    "available": true,
    "discount": null
  },
  {
    "shop": "MAXIMA",
    "categories": [
      2,
      2002
    ],
    "productName": "Torte Banānu-biezpiena MEISTARA MARKA kg",
    "productPriceOld": null,
    "productPrice": {
      "value": 11.99,
      "unit": "€"
    },
    "productPricePerUnit": {
      "value": 11.99,
      "unit": "€/kg"
    },
    "productPriceWithLoyaltyCard": null,
    "productPricePerUnitWithLoyaltyCard": null,
    "imageUrl": "https://cdn.barbora.lv/products/8bc63dcf-371b-41e9-9abf-ddf0c5d40da9_s.png",
    "available": true,
    "discount": null
  },
  {
    "shop": "MAXIMA",
    "categories": [
      2,
      2002
    ],
    "productName": "Torte Melnais princis MEISTARA MARKA kg",
    "productPriceOld": null,
    "productPrice": {
      "value": 11.99,
      "unit": "€"
    },
    "productPricePerUnit": {
      "value": 11.99,
      "unit": "€/kg"
    },
    "productPriceWithLoyaltyCard": null,
    "productPricePerUnitWithLoyaltyCard": null,
    "imageUrl": "https://cdn.barbora.lv/products/43fc6a1c-9de2-47a0-8fcc-952f7b41de28_s.png",
    "available": true,
    "discount": null
  },
  {
    "shop": "MAXIMA",
    "categories": [
      2,
      2005
    ],
    "productName": "Rulete Biezpiena MEISTARA MARKA kg",
    "productPriceOld": null,
    "productPrice": {
      "value": 11.99,
      "unit": "€"
    },
    "productPricePerUnit": {
      "value": 11.99,
      "unit": "€/kg"
    },
    "productPriceWithLoyaltyCard": null,
    "productPricePerUnitWithLoyaltyCard": null,
    "imageUrl": "https://cdn.barbora.lv/products/72150f19-3086-4e8d-b4d9-f2b70a02afe7_s.png",
    "available": true,
    "discount": null
  },
  {
    "shop": "CITRO",
    "categories": [
      1,
      1001,
      1001003
    ],
    "productName": "VĪNS R. B&G D’ANJOU 11% 0.75L",
    "productPriceOld": null,
    "productPrice": null,
    "productPricePerUnit": {
      "value": 11.99,
      "unit": "€/L"
    },
    "productPriceWithLoyaltyCard": null,
    "productPricePerUnitWithLoyaltyCard": null,
    "imageUrl": "https://rezekne.citro.lv/wp-content/uploads/2021/03/3035130501100-300x300.jpg",
    "available": true,
    "discount": null
  },
  {
    "shop": "CITRO",
    "categories": [
      1,
      1001,
      1001004
    ],
    "productName": "DZ.VĪNS MARTINI PROSECCO D.O.C. 11.5% 0.75L",
    "productPriceOld": {
      "value": 10.99,
      "unit": "€"
    },
    "productPrice": {
      "value": 8.99,
      "unit": "€"
    },
    "productPricePerUnit": {
      "value": 11.99,
      "unit": "€/L"
    },
    "productPriceWithLoyaltyCard": null,
    "productPricePerUnitWithLoyaltyCard": null,
    "imageUrl": "https://rezekne.citro.lv/wp-content/uploads/2022/07/8000570552505-arFonu-300x300.jpg",
    "available": true,
    "discount": 18
  },
  {
    "shop": "CITRO",
    "categories": [
      1,
      1001,
      1001003
    ],
    "productName": "VĪNS B. CASILLERO DEL DIABLO SAUVIGNON BLANC 13% 0.75L",
    "productPriceOld": null,
    "productPrice": null,
    "productPricePerUnit": {
      "value": 11.99,
      "unit": "€/L"
    },
    "productPriceWithLoyaltyCard": null,
    "productPricePerUnitWithLoyaltyCard": null,
    "imageUrl": "https://rezekne.citro.lv/wp-content/uploads/2021/08/7804320301174-300x300.jpg",
    "available": true,
    "discount": null
  },
  {
    "shop": "CITRO",
    "categories": [
      1,
      1001,
      1001006
    ],
    "productName": "VERMUTS MARTINI FIERO 14.9% 1L",
    "productPriceOld": {
      "value": 14.99,
      "unit": "€"
    },
    "productPrice": {
      "value": 11.99,
      "unit": "€"
    },
    "productPricePerUnit": {
      "value": 11.99,
      "unit": "€/L"
    },
    "productPriceWithLoyaltyCard": null,
    "productPricePerUnitWithLoyaltyCard": null,
    "imageUrl": "https://rezekne.citro.lv/wp-content/uploads/2020/12/7630040402521-300x300.jpg",
    "available": true,
    "discount": 20
  },
  {
    "shop": "CITRO",
    "categories": [
      1,
      1001,
      1001006
    ],
    "productName": "VERMUTS MARTINI FIERO 14.9% 1L",
    "productPriceOld": {
      "value": 14.99,
      "unit": "€"
    },
    "productPrice": {
      "value": 11.99,
      "unit": "€"
    },
    "productPricePerUnit": {
      "value": 11.99,
      "unit": "€/L"
    },
    "productPriceWithLoyaltyCard": null,
    "productPricePerUnitWithLoyaltyCard": null,
    "imageUrl": "https://rezekne.citro.lv/wp-content/uploads/2020/12/7630040402521-300x300.jpg",
    "available": true,
    "discount": 20
  },
  {
    "shop": "CITRO",
    "categories": [
      1,
      1001,
      1001006
    ],
    "productName": "VERMUTS MARTINI BIANCO 15% 1L",
    "productPriceOld": {
      "value": 14.99,
      "unit": "€"
    },
    "productPrice": {
      "value": 11.99,
      "unit": "€"
    },
    "productPricePerUnit": {
      "value": 11.99,
      "unit": "€/L"
    },
    "productPriceWithLoyaltyCard": null,
    "productPricePerUnitWithLoyaltyCard": null,
    "imageUrl": "https://rezekne.citro.lv/wp-content/uploads/2021/02/5010677925006-300x300.jpg",
    "available": true,
    "discount": 20
  },
  {
    "shop": "CITRO",
    "categories": [
      1,
      1001,
      1001003
    ],
    "productName": "VĪNS B. ALAZANSKAJA DOLINA 11% 0.75L",
    "productPriceOld": null,
    "productPrice": null,
    "productPricePerUnit": {
      "value": 11.99,
      "unit": "€/L"
    },
    "productPriceWithLoyaltyCard": null,
    "productPricePerUnitWithLoyaltyCard": null,
    "imageUrl": "https://rezekne.citro.lv/wp-content/uploads/2020/12/4860038075434-300x300.jpg",
    "available": true,
    "discount": null
  },
  {
    "shop": "CITRO",
    "categories": [
      1,
      1001,
      1001003
    ],
    "productName": "VĪNS S. ALAZANSKAJA DOLINA 11.5% 0.75L",
    "productPriceOld": null,
    "productPrice": null,
    "productPricePerUnit": {
      "value": 11.99,
      "unit": "€/L"
    },
    "productPriceWithLoyaltyCard": null,
    "productPricePerUnitWithLoyaltyCard": null,
    "imageUrl": "https://rezekne.citro.lv/wp-content/uploads/2020/12/4860038075403-300x300.jpg",
    "available": true,
    "discount": null
  },
  {
    "shop": "CITRO",
    "categories": [
      1,
      1001,
      1001004
    ],
    "productName": "DZ.VĪNS FREIXENET CARTA NEVADA 11.5% 0.75L",
    "productPriceOld": null,
    "productPrice": null,
    "productPricePerUnit": {
      "value": 11.99,
      "unit": "€/L"
    },
    "productPriceWithLoyaltyCard": null,
    "productPricePerUnitWithLoyaltyCard": null,
    "imageUrl": "https://rezekne.citro.lv/wp-content/uploads/2022/10/8410036002015-arFonu-300x300.jpg",
    "available": true,
    "discount": null
  },
  {
    "shop": "CITRO",
    "categories": [
      1,
      1001,
      1001004
    ],
    "productName": "DZ.VĪNS BLUE NUN SPARKLING 24K ROSE 11% 0.75L",
    "productPriceOld": null,
    "productPrice": null,
    "productPricePerUnit": {
      "value": 11.99,
      "unit": "€/L"
    },
    "productPriceWithLoyaltyCard": null,
    "productPricePerUnitWithLoyaltyCard": null,
    "imageUrl": "https://rezekne.citro.lv/wp-content/uploads/2020/12/4022025379035-300x300.jpg",
    "available": true,
    "discount": null
  },
  {
    "shop": "CITRO",
    "categories": [
      1,
      1001,
      1001003
    ],
    "productName": "VĪNS S. CASILLERO DEL DIABLO CABENET SAUVIGNON 13.5% 0.75L",
    "productPriceOld": null,
    "productPrice": null,
    "productPricePerUnit": {
      "value": 11.99,
      "unit": "€/L"
    },
    "productPriceWithLoyaltyCard": null,
    "productPricePerUnitWithLoyaltyCard": null,
    "imageUrl": "https://rezekne.citro.lv/wp-content/uploads/2021/08/7804320303178-300x300.jpg",
    "available": true,
    "discount": null
  },
  {
    "shop": "CITRO",
    "categories": [
      1,
      1001,
      1001003
    ],
    "productName": "VĪNS B. CASILLERO DEL DIABLO CHARDONNAY 13.5% 0.75L",
    "productPriceOld": null,
    "productPrice": null,
    "productPricePerUnit": {
      "value": 11.99,
      "unit": "€/L"
    },
    "productPriceWithLoyaltyCard": null,
    "productPricePerUnitWithLoyaltyCard": null,
    "imageUrl": "https://rezekne.citro.lv/wp-content/uploads/2021/08/7804320256900-300x300.jpg",
    "available": true,
    "discount": null
  },
  {
    "shop": "CITRO",
    "categories": [
      1,
      1001,
      1001003
    ],
    "productName": "VĪNS B. CALVET VARIETALS SAUB 13% 0.75L",
    "productPriceOld": null,
    "productPrice": null,
    "productPricePerUnit": {
      "value": 11.99,
      "unit": "€/L"
    },
    "productPriceWithLoyaltyCard": null,
    "productPricePerUnitWithLoyaltyCard": null,
    "imageUrl": "https://rezekne.citro.lv/wp-content/uploads/2023/03/3159560603811-e1680103710681-300x300.jpg",
    "available": true,
    "discount": null
  },
  {
    "shop": "MAXIMA",
    "categories": [
      1,
      1001,
      1001003
    ],
    "productName": "Vīns SCHENK CHIANTI 12% 0,75L",
    "productPriceOld": null,
    "productPrice": {
      "value": 9.01,
      "unit": "€"
    },
    "productPricePerUnit": {
      "value": 12.01,
      "unit": "€/l"
    },
    "productPriceWithLoyaltyCard": null,
    "productPricePerUnitWithLoyaltyCard": null,
    "imageUrl": "https://cdn.barbora.lv/products/c58117ff-b68a-46ef-a0bd-ca220c10f827_s.png",
    "available": true,
    "discount": null
  },
  {
    "shop": "RIMI",
    "categories": [
      1,
      1002,
      10010020
    ],
    "productName": "Sula Very Berry Dabīgā Dzērveņu 0,33l",
    "productPriceOld": null,
    "productPrice": {
      "value": 3.99,
      "unit": "€/gab"
    },
    "productPricePerUnit": {
      "value": 12.09,
      "unit": "€/l"
    },
    "productPriceWithLoyaltyCard": null,
    "productPricePerUnitWithLoyaltyCard": null,
    "imageUrl": "https://rimibaltic-res.cloudinary.com/image/upload/d_ecommerce:backend-fallback.png/MAT_1358670_PCE_LV",
    "available": true,
    "discount": null
  },
  {
    "shop": "RIMI",
    "categories": [
      1,
      1002,
      10010020
    ],
    "productName": "Sula Very Berry Dabīgā Smiltsērkšķu 0,33l",
    "productPriceOld": null,
    "productPrice": {
      "value": 3.99,
      "unit": "€/gab"
    },
    "productPricePerUnit": {
      "value": 12.09,
      "unit": "€/l"
    },
    "productPriceWithLoyaltyCard": null,
    "productPricePerUnitWithLoyaltyCard": null,
    "imageUrl": "https://rimibaltic-res.cloudinary.com/image/upload/d_ecommerce:backend-fallback.png/MAT_1358673_PCE_LV",
    "available": true,
    "discount": null
  },
  {
    "shop": "RIMI",
    "categories": [
      1,
      1002,
      10010020
    ],
    "productName": "Very Berry dabīgā ķiršu sula",
    "productPriceOld": null,
    "productPrice": {
      "value": 3.99,
      "unit": "€/gab"
    },
    "productPricePerUnit": {
      "value": 12.09,
      "unit": "€/l"
    },
    "productPriceWithLoyaltyCard": null,
    "productPricePerUnitWithLoyaltyCard": null,
    "imageUrl": "https://rimibaltic-res.cloudinary.com/image/upload/d_ecommerce:backend-fallback.png/MAT_1358743_PCE_LV",
    "available": true,
    "discount": null
  },
  {
    "shop": "RIMI",
    "categories": [
      1,
      1002,
      10010020
    ],
    "productName": "Sula Very Berry Dabīgā Melleņu 0,33l",
    "productPriceOld": null,
    "productPrice": {
      "value": 3.99,
      "unit": "€/gab"
    },
    "productPricePerUnit": {
      "value": 12.09,
      "unit": "€/l"
    },
    "productPriceWithLoyaltyCard": null,
    "productPricePerUnitWithLoyaltyCard": null,
    "imageUrl": "https://rimibaltic-res.cloudinary.com/image/upload/d_ecommerce:backend-fallback.png/MAT_1358671_PCE_LV",
    "available": true,
    "discount": null
  },
  {
    "shop": "MAXIMA",
    "categories": [
      1,
      1002,
      10010020
    ],
    "productName": "Sula VERY BERRY dzērveņu 330ml D",
    "productPriceOld": null,
    "productPrice": {
      "value": 3.99,
      "unit": "€"
    },
    "productPricePerUnit": {
      "value": 12.09,
      "unit": "€/l"
    },
    "productPriceWithLoyaltyCard": null,
    "productPricePerUnitWithLoyaltyCard": null,
    "imageUrl": "https://cdn.barbora.lv/products/7aae6ac8-06d9-4400-a584-bf6dc69e2c4b_s.png",
    "available": true,
    "discount": null
  },
  {
    "shop": "MAXIMA",
    "categories": [
      1,
      1002,
      10010020
    ],
    "productName": "Sula VERY BERRY melleņu 330ml D",
    "productPriceOld": null,
    "productPrice": {
      "value": 3.99,
      "unit": "€"
    },
    "productPricePerUnit": {
      "value": 12.09,
      "unit": "€/l"
    },
    "productPriceWithLoyaltyCard": null,
    "productPricePerUnitWithLoyaltyCard": null,
    "imageUrl": "https://cdn.barbora.lv/products/892d17ea-4af0-459b-943a-83b91395b538_s.png",
    "available": true,
    "discount": null
  },
  {
    "shop": "MAXIMA",
    "categories": [
      2,
      2001,
      20010011
    ],
    "productName": "Kukurūz.galetes RACIO ar linsēklām 115g",
    "productPriceOld": null,
    "productPrice": {
      "value": 1.39,
      "unit": "€"
    },
    "productPricePerUnit": {
      "value": 12.09,
      "unit": "€/kg"
    },
    "productPriceWithLoyaltyCard": null,
    "productPricePerUnitWithLoyaltyCard": null,
    "imageUrl": "https://cdn.barbora.lv/products/521655ef-b672-40ab-9cb0-81bc6ba6ca6b_s.png",
    "available": true,
    "discount": null
  },
  {
    "shop": "MAXIMA",
    "categories": [
      2,
      2001,
      20010015
    ],
    "productName": "Kukurūz.galetes RACIO ar jūras sāli 115g",
    "productPriceOld": null,
    "productPrice": {
      "value": 1.39,
      "unit": "€"
    },
    "productPricePerUnit": {
      "value": 12.09,
      "unit": "€/kg"
    },
    "productPriceWithLoyaltyCard": null,
    "productPricePerUnitWithLoyaltyCard": null,
    "imageUrl": "https://cdn.barbora.lv/products/843410fa-55e4-4afb-aedf-058ac9964a25_s.png",
    "available": true,
    "discount": null
  },
  {
    "shop": "MAXIMA",
    "categories": [
      1,
      1001,
      1001003
    ],
    "productName": "Vīns Savanha Pinotage-Shiraz 14,5% 0,75L",
    "productPriceOld": null,
    "productPrice": {
      "value": 9.09,
      "unit": "€"
    },
    "productPricePerUnit": {
      "value": 12.12,
      "unit": "€/l"
    },
    "productPriceWithLoyaltyCard": null,
    "productPricePerUnitWithLoyaltyCard": null,
    "imageUrl": "https://cdn.barbora.lv/products/783b3211-9e68-4ac7-a72b-9ba5f57ffdfa_s.png",
    "available": true,
    "discount": null
  },
  {
    "shop": "RIMI",
    "categories": [
      1,
      1001,
      10010013
    ],
    "productName": "Liķieris Moka 30% 0,7l",
    "productPriceOld": null,
    "productPrice": {
      "value": 9.99,
      "unit": "€/gab"
    },
    "productPricePerUnit": {
      "value": 14.27,
      "unit": "€/l"
    },
    "productPriceWithLoyaltyCard": {
      "value": 8.49,
      "unit": "€"
    },
    "productPricePerUnitWithLoyaltyCard": {
      "value": 12.13,
      "unit": "€/l"
    },
    "imageUrl": "https://rimibaltic-res.cloudinary.com/image/upload/d_ecommerce:backend-fallback.png/MAT_7036943_PCE_LV",
    "available": true,
    "discount": 15
  },
  {
    "shop": "RIMI",
    "categories": [
      1,
      1001,
      10010016
    ],
    "productName": "Degvīns Beloff 37.5% 0,7l",
    "productPriceOld": null,
    "productPrice": {
      "value": 8.49,
      "unit": "€/gab"
    },
    "productPricePerUnit": {
      "value": 12.13,
      "unit": "€/l"
    },
    "productPriceWithLoyaltyCard": null,
    "productPricePerUnitWithLoyaltyCard": null,
    "imageUrl": "https://rimibaltic-res.cloudinary.com/image/upload/d_ecommerce:backend-fallback.png/MAT_803155_PCE_LV",
    "available": true,
    "discount": null
  },
  {
    "shop": "RIMI",
    "categories": [
      2,
      2001,
      20010015
    ],
    "productName": "Sausbaranciņas mazās bērniem 180g",
    "productPriceOld": null,
    "productPrice": {
      "value": 2.19,
      "unit": "€/gab"
    },
    "productPricePerUnit": {
      "value": 12.17,
      "unit": "€/kg"
    },
    "productPriceWithLoyaltyCard": null,
    "productPricePerUnitWithLoyaltyCard": null,
    "imageUrl": "https://rimibaltic-res.cloudinary.com/image/upload/d_ecommerce:backend-fallback.png/MAT_950454_PCE_LV",
    "available": true,
    "discount": null
  },
  {
    "shop": "RIMI",
    "categories": [
      2,
      2001,
      20010015
    ],
    "productName": "Grauzdiņi Mario diļļu 180g",
    "productPriceOld": null,
    "productPrice": {
      "value": 2.19,
      "unit": "€/gab"
    },
    "productPricePerUnit": {
      "value": 12.17,
      "unit": "€/kg"
    },
    "productPriceWithLoyaltyCard": null,
    "productPricePerUnitWithLoyaltyCard": null,
    "imageUrl": "https://rimibaltic-res.cloudinary.com/image/upload/d_ecommerce:backend-fallback.png/MAT_4003532_PCE_LV",
    "available": true,
    "discount": null
  },
  {
    "shop": "RIMI",
    "categories": [
      2,
      2001,
      20010015
    ],
    "productName": "Grauzdiņi Mario sīpoli un krējums 180g",
    "productPriceOld": null,
    "productPrice": {
      "value": 2.19,
      "unit": "€/gab"
    },
    "productPricePerUnit": {
      "value": 12.17,
      "unit": "€/kg"
    },
    "productPriceWithLoyaltyCard": null,
    "productPricePerUnitWithLoyaltyCard": null,
    "imageUrl": "https://rimibaltic-res.cloudinary.com/image/upload/d_ecommerce:backend-fallback.png/MAT_4003486_PCE_LV",
    "available": true,
    "discount": null
  },
  {
    "shop": "MAXIMA",
    "categories": [
      2,
      2001,
      20010015
    ],
    "productName": "Sausbaranciņas bērnu virtenē Mario 180g",
    "productPriceOld": null,
    "productPrice": {
      "value": 2.19,
      "unit": "€"
    },
    "productPricePerUnit": {
      "value": 12.17,
      "unit": "€/kg"
    },
    "productPriceWithLoyaltyCard": null,
    "productPricePerUnitWithLoyaltyCard": null,
    "imageUrl": "https://cdn.barbora.lv/products/9e218276-9a46-4ed6-844e-ee0a7b5dca22_s.png",
    "available": true,
    "discount": null
  },
  {
    "shop": "MAXIMA",
    "categories": [
      2,
      2001,
      20010015
    ],
    "productName": "Mazo vaniļas sausbaranciņu virtene 180g",
    "productPriceOld": null,
    "productPrice": {
      "value": 2.19,
      "unit": "€"
    },
    "productPricePerUnit": {
      "value": 12.17,
      "unit": "€/kg"
    },
    "productPriceWithLoyaltyCard": null,
    "productPricePerUnitWithLoyaltyCard": null,
    "imageUrl": "https://cdn.barbora.lv/products/d4b26cd6-80f9-47f8-9695-2b6ea8496189_s.png",
    "available": true,
    "discount": null
  },
  {
    "shop": "RIMI",
    "categories": [
      2,
      2007
    ],
    "productName": "Kēkss Lāči ar marcipānu 270g",
    "productPriceOld": {
      "value": 3.85,
      "unit": "€"
    },
    "productPrice": {
      "value": 3.29,
      "unit": "€/gab"
    },
    "productPricePerUnit": {
      "value": 12.19,
      "unit": "€/kg"
    },
    "productPriceWithLoyaltyCard": null,
    "productPricePerUnitWithLoyaltyCard": null,
    "imageUrl": "https://rimibaltic-res.cloudinary.com/image/upload/d_ecommerce:backend-fallback.png/MAT_292785_PCE_LV",
    "available": true,
    "discount": 15
  },
  {
    "shop": "MAXIMA",
    "categories": [
      2,
      2001,
      20010015
    ],
    "productName": "Uzkoda ar cīsiņu un sieru 114g",
    "productPriceOld": null,
    "productPrice": {
      "value": 1.39,
      "unit": "€"
    },
    "productPricePerUnit": {
      "value": 12.19,
      "unit": "€/kg"
    },
    "productPriceWithLoyaltyCard": null,
    "productPricePerUnitWithLoyaltyCard": null,
    "imageUrl": "https://cdn.barbora.lv/products/c56618ac-7a3e-46ed-bc3b-71de45553ba6_s.png",
    "available": true,
    "discount": null
  },
  {
    "shop": "MAXIMA",
    "categories": [
      2,
      2001,
      2001008,
      2001001
    ],
    "productName": "Sausmaizītes pilngraudu Mario 155g",
    "productPriceOld": {
      "value": 2.29,
      "unit": "€"
    },
    "productPrice": {
      "value": 2.29,
      "unit": "€"
    },
    "productPricePerUnit": {
      "value": 14.77,
      "unit": "€/kg"
    },
    "productPriceWithLoyaltyCard": {
      "value": 1.89,
      "unit": "€"
    },
    "productPricePerUnitWithLoyaltyCard": {
      "value": 12.19,
      "unit": "€/kg"
    },
    "imageUrl": "https://cdn.barbora.lv/products/cd5b6fd9-5356-4f04-ab2b-cb3614c8e357_s.png",
    "available": true,
    "discount": 17
  },
  {
    "shop": "MAXIMA",
    "categories": [
      1,
      1001,
      1001003
    ],
    "productName": "Vīns MOSSELAND Riesling Spatl.8,5% 750ml",
    "productPriceOld": null,
    "productPrice": {
      "value": 9.15,
      "unit": "€"
    },
    "productPricePerUnit": {
      "value": 12.2,
      "unit": "€/l"
    },
    "productPriceWithLoyaltyCard": null,
    "productPricePerUnitWithLoyaltyCard": null,
    "imageUrl": "https://cdn.barbora.lv/products/164a7ea2-f8cc-426b-8d66-bd4e024a5a8b_s.png",
    "available": true,
    "discount": null
  },
  {
    "shop": "MAXIMA",
    "categories": [
      1,
      1001,
      1001003
    ],
    "productName": "Vīns MOSSELAND Riesling Qual.8,5% 0,75L",
    "productPriceOld": null,
    "productPrice": {
      "value": 9.15,
      "unit": "€"
    },
    "productPricePerUnit": {
      "value": 12.2,
      "unit": "€/l"
    },
    "productPriceWithLoyaltyCard": null,
    "productPricePerUnitWithLoyaltyCard": null,
    "imageUrl": "https://cdn.barbora.lv/products/6fcde3e2-d0b1-484d-999d-c01dd5189875_s.png",
    "available": true,
    "discount": null
  },
  {
    "shop": "RIMI",
    "categories": [
      2,
      2002
    ],
    "productName": "Torte šokolādes 900g",
    "productPriceOld": null,
    "productPrice": {
      "value": 10.99,
      "unit": "€/gab"
    },
    "productPricePerUnit": {
      "value": 12.21,
      "unit": "€/kg"
    },
    "productPriceWithLoyaltyCard": null,
    "productPricePerUnitWithLoyaltyCard": null,
    "imageUrl": "https://rimibaltic-res.cloudinary.com/image/upload/d_ecommerce:backend-fallback.png/MAT_213599_PCE_LV",
    "available": true,
    "discount": null
  },
  {
    "shop": "MAXIMA",
    "categories": [
      1,
      1001,
      1001003
    ],
    "productName": "Vīns CABO DA ROCA VIHNO VERDE 10,5%0,75L",
    "productPriceOld": null,
    "productPrice": {
      "value": 9.18,
      "unit": "€"
    },
    "productPricePerUnit": {
      "value": 12.24,
      "unit": "€/l"
    },
    "productPriceWithLoyaltyCard": null,
    "productPricePerUnitWithLoyaltyCard": null,
    "imageUrl": "https://cdn.barbora.lv/products/9bd391d3-c29d-4706-99c9-7f40a689f5cf_s.png",
    "available": true,
    "discount": null
  },
  {
    "shop": "MAXIMA",
    "categories": [
      1,
      1001,
      1001003
    ],
    "productName": "Vīns CABO DA ROCA RED LISBOA 13,5% 0,75L",
    "productPriceOld": null,
    "productPrice": {
      "value": 9.18,
      "unit": "€"
    },
    "productPricePerUnit": {
      "value": 12.24,
      "unit": "€/l"
    },
    "productPriceWithLoyaltyCard": null,
    "productPricePerUnitWithLoyaltyCard": null,
    "imageUrl": "https://cdn.barbora.lv/products/313ba919-bf27-440d-8ae1-2f6de5d90543_s.png",
    "available": true,
    "discount": null
  },
  {
    "shop": "RIMI",
    "categories": [
      2,
      2001,
      20010015
    ],
    "productName": "Maizes uzkoda Tarallini ar olīveļļu 200g",
    "productPriceOld": null,
    "productPrice": {
      "value": 2.45,
      "unit": "€/gab"
    },
    "productPricePerUnit": {
      "value": 12.25,
      "unit": "€/kg"
    },
    "productPriceWithLoyaltyCard": null,
    "productPricePerUnitWithLoyaltyCard": null,
    "imageUrl": "https://rimibaltic-res.cloudinary.com/image/upload/d_ecommerce:backend-fallback.png/MAT_4006130_PCE_LV",
    "available": true,
    "discount": null
  },
  {
    "shop": "RIMI",
    "categories": [
      1,
      1003,
      1003003
    ],
    "productName": "Bezalk. sarkanvīns Barone Montalto 0,0% 0,75l",
    "productPriceOld": null,
    "productPrice": {
      "value": 9.19,
      "unit": "€/gab"
    },
    "productPricePerUnit": {
      "value": 12.25,
      "unit": "€/l"
    },
    "productPriceWithLoyaltyCard": null,
    "productPricePerUnitWithLoyaltyCard": null,
    "imageUrl": "https://rimibaltic-res.cloudinary.com/image/upload/d_ecommerce:backend-fallback.png/MAT_7295871_PCE_LV",
    "available": true,
    "discount": null
  },
  {
    "shop": "RIMI",
    "categories": [
      1,
      1003,
      1003003
    ],
    "productName": "Bezalk. baltvīns Barone Montalto 0,0% 0,75l",
    "productPriceOld": null,
    "productPrice": {
      "value": 9.19,
      "unit": "€/gab"
    },
    "productPricePerUnit": {
      "value": 12.25,
      "unit": "€/l"
    },
    "productPriceWithLoyaltyCard": null,
    "productPricePerUnitWithLoyaltyCard": null,
    "imageUrl": "https://rimibaltic-res.cloudinary.com/image/upload/d_ecommerce:backend-fallback.png/MAT_7295881_PCE_LV",
    "available": true,
    "discount": null
  },
  {
    "shop": "RIMI",
    "categories": [
      1,
      1001,
      10010016
    ],
    "productName": "Degvīns Beloff 37,5% 0,2l",
    "productPriceOld": null,
    "productPrice": {
      "value": 2.45,
      "unit": "€/gab"
    },
    "productPricePerUnit": {
      "value": 12.25,
      "unit": "€/l"
    },
    "productPriceWithLoyaltyCard": null,
    "productPricePerUnitWithLoyaltyCard": null,
    "imageUrl": "https://rimibaltic-res.cloudinary.com/image/upload/d_ecommerce:backend-fallback.png/MAT_802727_PCE_LV",
    "available": true,
    "discount": null
  },
  {
    "shop": "RIMI",
    "categories": [
      1,
      1001,
      1001003
    ],
    "productName": "B.v. Cono Sur Chardonnay 13,5% 0,75l",
    "productPriceOld": null,
    "productPrice": {
      "value": 9.19,
      "unit": "€/gab"
    },
    "productPricePerUnit": {
      "value": 12.25,
      "unit": "€/l"
    },
    "productPriceWithLoyaltyCard": null,
    "productPricePerUnitWithLoyaltyCard": null,
    "imageUrl": "https://rimibaltic-res.cloudinary.com/image/upload/d_ecommerce:backend-fallback.png/MAT_460865_PCE_LV",
    "available": true,
    "discount": null
  },
  {
    "shop": "RIMI",
    "categories": [
      1,
      1001,
      1001003
    ],
    "productName": "B.v. Rioja El Coto Blanco 12% 0,75l",
    "productPriceOld": null,
    "productPrice": {
      "value": 9.19,
      "unit": "€/gab"
    },
    "productPricePerUnit": {
      "value": 12.25,
      "unit": "€/l"
    },
    "productPriceWithLoyaltyCard": null,
    "productPricePerUnitWithLoyaltyCard": null,
    "imageUrl": "https://rimibaltic-res.cloudinary.com/image/upload/d_ecommerce:backend-fallback.png/MAT_730679_PCE_LV",
    "available": true,
    "discount": null
  },
  {
    "shop": "RIMI",
    "categories": [
      1,
      1001,
      1001003
    ],
    "productName": "R.v. Cono Sur Pinot Noir Rose 13% 0,75l",
    "productPriceOld": null,
    "productPrice": {
      "value": 9.19,
      "unit": "€/gab"
    },
    "productPricePerUnit": {
      "value": 12.25,
      "unit": "€/l"
    },
    "productPriceWithLoyaltyCard": null,
    "productPricePerUnitWithLoyaltyCard": null,
    "imageUrl": "https://rimibaltic-res.cloudinary.com/image/upload/d_ecommerce:backend-fallback.png/MAT_7259392_PCE_LV",
    "available": true,
    "discount": null
  },
  {
    "shop": "RIMI",
    "categories": [
      1,
      1001,
      1001003
    ],
    "productName": "S.v. Cono Sur Pinot Noir 13,5% 0,75l, sauss",
    "productPriceOld": null,
    "productPrice": {
      "value": 9.19,
      "unit": "€/gab"
    },
    "productPricePerUnit": {
      "value": 12.25,
      "unit": "€/l"
    },
    "productPriceWithLoyaltyCard": null,
    "productPricePerUnitWithLoyaltyCard": null,
    "imageUrl": "https://rimibaltic-res.cloudinary.com/image/upload/d_ecommerce:backend-fallback.png/MAT_459034_PCE_LV",
    "available": true,
    "discount": null
  },
  {
    "shop": "RIMI",
    "categories": [
      1,
      1001,
      1001003
    ],
    "productName": "S.v. Gran Mirador Dark Blend 12,5% 0,75l",
    "productPriceOld": null,
    "productPrice": {
      "value": 9.19,
      "unit": "€/gab"
    },
    "productPricePerUnit": {
      "value": 12.25,
      "unit": "€/l"
    },
    "productPriceWithLoyaltyCard": null,
    "productPricePerUnitWithLoyaltyCard": null,
    "imageUrl": "https://rimibaltic-res.cloudinary.com/image/upload/d_ecommerce:backend-fallback.png/MAT_7289299_PCE_LV",
    "available": true,
    "discount": null
  },
  {
    "shop": "MAXIMA",
    "categories": [
      1,
      1001,
      1001004
    ],
    "productName": "Dz.v.TORRE ORIA CAVA BRUT 12% 0,75L",
    "productPriceOld": null,
    "productPrice": {
      "value": 9.19,
      "unit": "€"
    },
    "productPricePerUnit": {
      "value": 12.25,
      "unit": "€/l"
    },
    "productPriceWithLoyaltyCard": null,
    "productPricePerUnitWithLoyaltyCard": null,
    "imageUrl": "https://cdn.barbora.lv/products/caf4a4ec-0ec8-4aee-a019-11d0b7993712_s.png",
    "available": true,
    "discount": null
  },
  {
    "shop": "MAXIMA",
    "categories": [
      1,
      1001,
      1001003
    ],
    "productName": "Vīns KIWI CUVEE PINOT NOIR 12% 0,75l",
    "productPriceOld": null,
    "productPrice": {
      "value": 9.19,
      "unit": "€"
    },
    "productPricePerUnit": {
      "value": 12.25,
      "unit": "€/l"
    },
    "productPriceWithLoyaltyCard": null,
    "productPricePerUnitWithLoyaltyCard": null,
    "imageUrl": "https://cdn.barbora.lv/products/8b9027c9-ee2a-43f0-9d46-866e5bfc1e53_s.png",
    "available": true,
    "discount": null
  },
  {
    "shop": "MAXIMA",
    "categories": [
      1,
      1001,
      1001003
    ],
    "productName": "Vīns CAESAREA 12% 0,75L",
    "productPriceOld": null,
    "productPrice": {
      "value": 9.19,
      "unit": "€"
    },
    "productPricePerUnit": {
      "value": 12.25,
      "unit": "€/l"
    },
    "productPriceWithLoyaltyCard": null,
    "productPricePerUnitWithLoyaltyCard": null,
    "imageUrl": "https://cdn.barbora.lv/products/4af1e2fb-b1da-4386-a745-771c1e4d38ff_s.png",
    "available": true,
    "discount": null
  },
  {
    "shop": "MAXIMA",
    "categories": [
      2,
      2005
    ],
    "productName": "Marakujas kūka KŪKO 350g",
    "productPriceOld": null,
    "productPrice": {
      "value": 4.29,
      "unit": "€"
    },
    "productPricePerUnit": {
      "value": 12.26,
      "unit": "€/kg"
    },
    "productPriceWithLoyaltyCard": null,
    "productPricePerUnitWithLoyaltyCard": null,
    "imageUrl": "https://cdn.barbora.lv/products/67411094-da8c-4be5-b9b7-5ce4fcb197dd_s.png",
    "available": true,
    "discount": null
  },
  {
    "shop": "MAXIMA",
    "categories": [
      1,
      1001,
      10010013
    ],
    "productName": "Liķ.IRISH PASTURES Country Cr. 12% 0,7L",
    "productPriceOld": null,
    "productPrice": {
      "value": 8.59,
      "unit": "€"
    },
    "productPricePerUnit": {
      "value": 12.27,
      "unit": "€/l"
    },
    "productPriceWithLoyaltyCard": null,
    "productPricePerUnitWithLoyaltyCard": null,
    "imageUrl": "https://cdn.barbora.lv/products/958fb93d-b82e-4775-bba5-01e2a15cc8a4_s.png",
    "available": true,
    "discount": null
  },
  {
    "shop": "MAXIMA",
    "categories": [
      1,
      1001,
      1001003
    ],
    "productName": "Vīns CONO SUR Pinot Noir 13% 750ml",
    "productPriceOld": null,
    "productPrice": {
      "value": 9.21,
      "unit": "€"
    },
    "productPricePerUnit": {
      "value": 12.28,
      "unit": "€/l"
    },
    "productPriceWithLoyaltyCard": null,
    "productPricePerUnitWithLoyaltyCard": null,
    "imageUrl": "https://cdn.barbora.lv/products/8be7c1e9-f8b7-4961-a714-7af048804f1d_s.png",
    "available": true,
    "discount": null
  },
  {
    "shop": "MAXIMA",
    "categories": [
      1,
      1001,
      1001003
    ],
    "productName": "Vīns EL COTO RIOJA BLANCO 12% 0,75L",
    "productPriceOld": null,
    "productPrice": {
      "value": 9.22,
      "unit": "€"
    },
    "productPricePerUnit": {
      "value": 12.29,
      "unit": "€/l"
    },
    "productPriceWithLoyaltyCard": null,
    "productPricePerUnitWithLoyaltyCard": null,
    "imageUrl": "https://cdn.barbora.lv/products/9a9c53db-b147-42a8-8979-61c22f5d8f9d_s.png",
    "available": true,
    "discount": null
  },
  {
    "shop": "MAXIMA",
    "categories": [
      2,
      2001,
      20010015
    ],
    "productName": "Standziņa Kārtainā ar olīvām 48g",
    "productPriceOld": null,
    "productPrice": {
      "value": 0.59,
      "unit": "€"
    },
    "productPricePerUnit": {
      "value": 12.29,
      "unit": "€/kg"
    },
    "productPriceWithLoyaltyCard": null,
    "productPricePerUnitWithLoyaltyCard": null,
    "imageUrl": "https://cdn.barbora.lv/products/4499fc9e-12c4-4915-b26a-2405fb5e75ac_s.png",
    "available": true,
    "discount": null
  },
  {
    "shop": "RIMI",
    "productName": "Deserts Liepkalni Mazās Vecrīgas 300g",
    "productPriceOld": {
      "value": 4.72,
      "unit": "€"
    },
    "productPrice": {
      "value": 3.69,
      "unit": "€/gab"
    },
    "productPricePerUnit": {
      "value": 12.3,
      "unit": "€/kg"
    },
    "productPriceWithLoyaltyCard": null,
    "productPricePerUnitWithLoyaltyCard": null,
    "imageUrl": "https://rimibaltic-res.cloudinary.com/image/upload/d_ecommerce:backend-fallback.png/MAT_4003875_PCE_LV",
    "available": true,
    "discount": 22,
    "categories": [
      2,
      2005
    ]
  },
  {
    "shop": "RIMI",
    "categories": [
      2,
      2002
    ],
    "productName": "Torte Latvijas Maiznieks zemeņu biezp. 730g",
    "productPriceOld": {
      "value": 10.19,
      "unit": "€"
    },
    "productPrice": {
      "value": 8.99,
      "unit": "€/gab"
    },
    "productPricePerUnit": {
      "value": 12.32,
      "unit": "€/kg"
    },
    "productPriceWithLoyaltyCard": null,
    "productPricePerUnitWithLoyaltyCard": null,
    "imageUrl": "https://rimibaltic-res.cloudinary.com/image/upload/d_ecommerce:backend-fallback.png/MAT_997023_PCE_LV",
    "available": true,
    "discount": 12
  },
  {
    "shop": "RIMI",
    "categories": [
      1,
      1001,
      1001003
    ],
    "productName": "B.v. Obra Prima Vinho Verde Esc. 10,5% 0,75l",
    "productPriceOld": null,
    "productPrice": {
      "value": 9.25,
      "unit": "€/gab"
    },
    "productPricePerUnit": {
      "value": 12.33,
      "unit": "€/l"
    },
    "productPriceWithLoyaltyCard": null,
    "productPricePerUnitWithLoyaltyCard": null,
    "imageUrl": "https://rimibaltic-res.cloudinary.com/image/upload/d_ecommerce:backend-fallback.png/MAT_7220733_PCE_LV",
    "available": true,
    "discount": null
  },
  {
    "shop": "RIMI",
    "categories": [
      1,
      1001,
      1001003
    ],
    "productName": "S.v. L.Marques Rioja Crianza 13% 0,75l",
    "productPriceOld": null,
    "productPrice": {
      "value": 9.25,
      "unit": "€/gab"
    },
    "productPricePerUnit": {
      "value": 12.33,
      "unit": "€/l"
    },
    "productPriceWithLoyaltyCard": null,
    "productPricePerUnitWithLoyaltyCard": null,
    "imageUrl": "https://rimibaltic-res.cloudinary.com/image/upload/d_ecommerce:backend-fallback.png/MAT_7145207_PCE_LV",
    "available": true,
    "discount": null
  },
  {
    "shop": "RIMI",
    "categories": [
      1,
      1001,
      1001003
    ],
    "productName": "S.v. L.Marques Rioja Crianza 13% 0,75l",
    "productPriceOld": null,
    "productPrice": {
      "value": 9.25,
      "unit": "€/gab"
    },
    "productPricePerUnit": {
      "value": 12.33,
      "unit": "€/l"
    },
    "productPriceWithLoyaltyCard": null,
    "productPricePerUnitWithLoyaltyCard": null,
    "imageUrl": "https://rimibaltic-res.cloudinary.com/image/upload/d_ecommerce:backend-fallback.png/MAT_7145207_PCE_LV",
    "available": true,
    "discount": null
  },
  {
    "shop": "RIMI",
    "categories": [
      1,
      1001,
      1001003
    ],
    "productName": "R.v. Rosé d’été, Pays d’Oc 12,5% 0,75l",
    "productPriceOld": null,
    "productPrice": {
      "value": 9.25,
      "unit": "€/gab"
    },
    "productPricePerUnit": {
      "value": 12.33,
      "unit": "€/l"
    },
    "productPriceWithLoyaltyCard": null,
    "productPricePerUnitWithLoyaltyCard": null,
    "imageUrl": "https://rimibaltic-res.cloudinary.com/image/upload/d_ecommerce:backend-fallback.png/MAT_7188674_PCE_LV",
    "available": true,
    "discount": null
  },
  {
    "shop": "RIMI",
    "categories": [
      1,
      1001,
      1001003
    ],
    "productName": "B.v. Take Root Chardonnay 12,5% 0,75l",
    "productPriceOld": null,
    "productPrice": {
      "value": 9.25,
      "unit": "€/gab"
    },
    "productPricePerUnit": {
      "value": 12.33,
      "unit": "€/l"
    },
    "productPriceWithLoyaltyCard": null,
    "productPricePerUnitWithLoyaltyCard": null,
    "imageUrl": "https://rimibaltic-res.cloudinary.com/image/upload/d_ecommerce:backend-fallback.png/MAT_7250681_PCE_LV",
    "available": true,
    "discount": null
  },
  {
    "shop": "RIMI",
    "categories": [
      1,
      1001,
      1001003
    ],
    "productName": "B.v. Take Root Chardonnay 12,5% 0,75l",
    "productPriceOld": null,
    "productPrice": {
      "value": 9.25,
      "unit": "€/gab"
    },
    "productPricePerUnit": {
      "value": 12.33,
      "unit": "€/l"
    },
    "productPriceWithLoyaltyCard": null,
    "productPricePerUnitWithLoyaltyCard": null,
    "imageUrl": "https://rimibaltic-res.cloudinary.com/image/upload/d_ecommerce:backend-fallback.png/MAT_7250681_PCE_LV",
    "available": true,
    "discount": null
  },
  {
    "shop": "RIMI",
    "categories": [
      1,
      1001,
      1001003
    ],
    "productName": "S.v. Take Root Shiraz 13,5% 0,75l",
    "productPriceOld": null,
    "productPrice": {
      "value": 9.25,
      "unit": "€/gab"
    },
    "productPricePerUnit": {
      "value": 12.33,
      "unit": "€/l"
    },
    "productPriceWithLoyaltyCard": null,
    "productPricePerUnitWithLoyaltyCard": null,
    "imageUrl": "https://rimibaltic-res.cloudinary.com/image/upload/d_ecommerce:backend-fallback.png/MAT_7250680_PCE_LV",
    "available": true,
    "discount": null
  },
  {
    "shop": "MAXIMA",
    "categories": [
      1,
      1001,
      1001004
    ],
    "productName": "Dz.vīns La Buona Vita Prosecco 11% 1,5L",
    "productPriceOld": null,
    "productPrice": {
      "value": 18.49,
      "unit": "€"
    },
    "productPricePerUnit": {
      "value": 12.33,
      "unit": "€/l"
    },
    "productPriceWithLoyaltyCard": null,
    "productPricePerUnitWithLoyaltyCard": null,
    "imageUrl": "https://cdn.barbora.lv/products/72b8b4fc-524e-4354-ac78-b83d5a541f97_s.png",
    "available": true,
    "discount": null
  },
  {
    "shop": "MAXIMA",
    "categories": [
      2,
      2001,
      20010015
    ],
    "productName": "Galetes Rice Up brūno rīsu ar melnajiem rīsiem 120g",
    "productPriceOld": null,
    "productPrice": {
      "value": 1.48,
      "unit": "€"
    },
    "productPricePerUnit": {
      "value": 12.33,
      "unit": "€/kg"
    },
    "productPriceWithLoyaltyCard": null,
    "productPricePerUnitWithLoyaltyCard": null,
    "imageUrl": "https://cdn.barbora.lv/products/1cc3e070-0329-44fa-b54d-b97598042487_s.png",
    "available": true,
    "discount": null
  },
  {
    "shop": "MAXIMA",
    "categories": [
      2,
      2001,
      20010015
    ],
    "productName": "Galetes Rice Up brūno rīsu ar griķiem 120g",
    "productPriceOld": null,
    "productPrice": {
      "value": 1.48,
      "unit": "€"
    },
    "productPricePerUnit": {
      "value": 12.33,
      "unit": "€/kg"
    },
    "productPriceWithLoyaltyCard": null,
    "productPricePerUnitWithLoyaltyCard": null,
    "imageUrl": "https://cdn.barbora.lv/products/dac5dad2-2080-4aac-b1a9-3fcd2ab303da_s.png",
    "available": true,
    "discount": null
  },
  {
    "shop": "MAXIMA",
    "categories": [
      1,
      1001,
      10010016
    ],
    "productName": "Degvīns SOS 37,5 % 0,2L",
    "productPriceOld": null,
    "productPrice": {
      "value": 2.47,
      "unit": "€"
    },
    "productPricePerUnit": {
      "value": 12.35,
      "unit": "€/l"
    },
    "productPriceWithLoyaltyCard": null,
    "productPricePerUnitWithLoyaltyCard": null,
    "imageUrl": "https://cdn.barbora.lv/products/19705288-4193-45ab-86f1-c156682701d4_s.png",
    "available": true,
    "discount": null
  },
  {
    "shop": "RIMI",
    "categories": [
      2,
      2005
    ],
    "productName": "Kūka vārīta krēma 800g",
    "productPriceOld": {
      "value": 10.99,
      "unit": "€"
    },
    "productPrice": {
      "value": 9.89,
      "unit": "€/gab"
    },
    "productPricePerUnit": {
      "value": 12.36,
      "unit": "€/kg"
    },
    "productPriceWithLoyaltyCard": null,
    "productPricePerUnitWithLoyaltyCard": null,
    "imageUrl": "https://rimibaltic-res.cloudinary.com/image/upload/d_ecommerce:backend-fallback.png/MAT_910555_PCE_LV",
    "available": true,
    "discount": 10
  },
  {
    "shop": "MAXIMA",
    "categories": [
      2,
      20011
    ],
    "productName": "Smalkmaizīte kārtainā Laiviņa 80g",
    "productPriceOld": null,
    "productPrice": {
      "value": 0.99,
      "unit": "€"
    },
    "productPricePerUnit": {
      "value": 12.38,
      "unit": "€/kg"
    },
    "productPriceWithLoyaltyCard": null,
    "productPricePerUnitWithLoyaltyCard": null,
    "imageUrl": "https://cdn.barbora.lv/products/b03a0d32-c60f-43bd-8d40-3ac5f77010bd_s.png",
    "available": true,
    "discount": null
  },
  {
    "shop": "RIMI",
    "categories": [
      1,
      1003,
      1003003
    ],
    "productName": "Bezalk. vīna dzēriens Freixenet Rose 0,75l",
    "productPriceOld": null,
    "productPrice": {
      "value": 9.29,
      "unit": "€/gab"
    },
    "productPricePerUnit": {
      "value": 12.39,
      "unit": "€/l"
    },
    "productPriceWithLoyaltyCard": null,
    "productPricePerUnitWithLoyaltyCard": null,
    "imageUrl": "https://rimibaltic-res.cloudinary.com/image/upload/d_ecommerce:backend-fallback.png/MAT_1373187_PCE_LV",
    "available": true,
    "discount": null
  },
  {
    "shop": "MAXIMA",
    "categories": [
      1,
      1001,
      1001003
    ],
    "productName": "Vīns ARROGANT FROG T.F.WHITE 12,5% 0,75L",
    "productPriceOld": null,
    "productPrice": {
      "value": 9.29,
      "unit": "€"
    },
    "productPricePerUnit": {
      "value": 12.39,
      "unit": "€/l"
    },
    "productPriceWithLoyaltyCard": null,
    "productPricePerUnitWithLoyaltyCard": null,
    "imageUrl": "https://cdn.barbora.lv/products/d182e968-7acd-43de-8fcf-db9185024811_s.png",
    "available": true,
    "discount": null
  },
  {
    "shop": "MAXIMA",
    "categories": [
      1,
      1001,
      1001003
    ],
    "productName": "Vīns ARROGANT FROG TUTIFRUTI RED 13,5% 0,75L",
    "productPriceOld": null,
    "productPrice": {
      "value": 9.29,
      "unit": "€"
    },
    "productPricePerUnit": {
      "value": 12.39,
      "unit": "€/l"
    },
    "productPriceWithLoyaltyCard": null,
    "productPricePerUnitWithLoyaltyCard": null,
    "imageUrl": "https://cdn.barbora.lv/products/63d7bf4a-db14-450b-8ffc-9760121fc347_s.png",
    "available": true,
    "discount": null
  },
  {
    "shop": "MAXIMA",
    "categories": [
      2,
      2001,
      20010015
    ],
    "productName": "MINI LAVAŠS 120G",
    "productPriceOld": null,
    "productPrice": {
      "value": 1.49,
      "unit": "€"
    },
    "productPricePerUnit": {
      "value": 12.42,
      "unit": "€/kg"
    },
    "productPriceWithLoyaltyCard": null,
    "productPricePerUnitWithLoyaltyCard": null,
    "imageUrl": "https://cdn.barbora.lv/products/ab8b2913-7c9d-4a68-9bdb-8a862e821c5b_s.png",
    "available": true,
    "discount": null
  },
  {
    "shop": "RIMI",
    "categories": [
      2,
      2005
    ],
    "productName": "Skābā krējuma kūciņas Pellija Umka 200g",
    "productPriceOld": null,
    "productPrice": {
      "value": 2.49,
      "unit": "€/gab"
    },
    "productPricePerUnit": {
      "value": 12.45,
      "unit": "€/kg"
    },
    "productPriceWithLoyaltyCard": null,
    "productPricePerUnitWithLoyaltyCard": null,
    "imageUrl": "https://rimibaltic-res.cloudinary.com/image/upload/d_ecommerce:backend-fallback.png/MAT_4007131_PCE_LV",
    "available": true,
    "discount": null
  },
  {
    "shop": "RIMI",
    "categories": [
      1,
      1003,
      1003005
    ],
    "productName": "Bezalk. dzēr. Thomas Henry Tonic Water 0,2l",
    "productPriceOld": null,
    "productPrice": {
      "value": 2.49,
      "unit": "€/gab"
    },
    "productPricePerUnit": {
      "value": 12.45,
      "unit": "€/l"
    },
    "productPriceWithLoyaltyCard": null,
    "productPricePerUnitWithLoyaltyCard": null,
    "imageUrl": "https://rimibaltic-res.cloudinary.com/image/upload/d_ecommerce:backend-fallback.png/MAT_1366280_PCE_LV",
    "available": true,
    "discount": null
  },
  {
    "shop": "RIMI",
    "categories": [
      1,
      1002,
      10010021
    ],
    "productName": "Gāz.bezalk.dz. Thomas Henry Mystic Mango 0,2l",
    "productPriceOld": null,
    "productPrice": {
      "value": 2.49,
      "unit": "€/gab"
    },
    "productPricePerUnit": {
      "value": 12.45,
      "unit": "€/l"
    },
    "productPriceWithLoyaltyCard": null,
    "productPricePerUnitWithLoyaltyCard": null,
    "imageUrl": "https://rimibaltic-res.cloudinary.com/image/upload/d_ecommerce:backend-fallback.png/MAT_1375045_PCE_LV",
    "available": true,
    "discount": null
  },
  {
    "shop": "MAXIMA",
    "categories": [
      2,
      2005
    ],
    "productName": "Kūciņas Skudru pūznis MM 4x70g",
    "productPriceOld": null,
    "productPrice": {
      "value": 3.49,
      "unit": "€"
    },
    "productPricePerUnit": {
      "value": 12.46,
      "unit": "€/kg"
    },
    "productPriceWithLoyaltyCard": null,
    "productPricePerUnitWithLoyaltyCard": null,
    "imageUrl": "https://cdn.barbora.lv/products/f36f7934-9cdc-4290-9860-93692919a491_s.png",
    "available": true,
    "discount": null
  },
  {
    "shop": "RIMI",
    "categories": [
      2,
      2005
    ],
    "productName": "Kūka Pellia a Gusto Šveices ar lazdu r. 400g",
    "productPriceOld": null,
    "productPrice": {
      "value": 4.99,
      "unit": "€/gab"
    },
    "productPricePerUnit": {
      "value": 12.47,
      "unit": "€/kg"
    },
    "productPriceWithLoyaltyCard": null,
    "productPricePerUnitWithLoyaltyCard": null,
    "imageUrl": "https://rimibaltic-res.cloudinary.com/image/upload/d_ecommerce:backend-fallback.png/MAT_4004832_PCE_LV",
    "available": true,
    "discount": null
  },
  {
    "shop": "RIMI",
    "categories": [
      1,
      1001,
      1001003
    ],
    "productName": "B.v. Moselland Ries. spatlese 8,5%0,75l",
    "productPriceOld": null,
    "productPrice": {
      "value": 9.35,
      "unit": "€/gab"
    },
    "productPricePerUnit": {
      "value": 12.47,
      "unit": "€/l"
    },
    "productPriceWithLoyaltyCard": null,
    "productPricePerUnitWithLoyaltyCard": null,
    "imageUrl": "https://rimibaltic-res.cloudinary.com/image/upload/d_ecommerce:backend-fallback.png/MAT_140488_PCE_LV",
    "available": true,
    "discount": null
  },
  {
    "shop": "RIMI",
    "categories": [
      1,
      1001,
      1001003
    ],
    "productName": "S.v. Robertson Cabernet Sauv. 13% 0,75l",
    "productPriceOld": null,
    "productPrice": {
      "value": 9.35,
      "unit": "€/gab"
    },
    "productPricePerUnit": {
      "value": 12.47,
      "unit": "€/l"
    },
    "productPriceWithLoyaltyCard": null,
    "productPricePerUnitWithLoyaltyCard": null,
    "imageUrl": "https://rimibaltic-res.cloudinary.com/image/upload/d_ecommerce:backend-fallback.png/MAT_7083697_PCE_LV",
    "available": true,
    "discount": null
  },
  {
    "shop": "MAXIMA",
    "categories": [
      1,
      1001,
      1001003
    ],
    "productName": "Vīns EVOLUCION Chardonnay 13% 0,75L",
    "productPriceOld": null,
    "productPrice": {
      "value": 9.35,
      "unit": "€"
    },
    "productPricePerUnit": {
      "value": 12.47,
      "unit": "€/l"
    },
    "productPriceWithLoyaltyCard": null,
    "productPricePerUnitWithLoyaltyCard": null,
    "imageUrl": "https://cdn.barbora.lv/products/e24f6f4a-79f5-4984-85ae-1eda3659a963_s.png",
    "available": true,
    "discount": null
  },
  {
    "shop": "RIMI",
    "categories": [
      2,
      2004
    ],
    "productName": "Kruasāns 7Days vaniļas, cepumu pildījumu 60g",
    "productPriceOld": {
      "value": 0.95,
      "unit": "€"
    },
    "productPrice": {
      "value": 0.75,
      "unit": "€/gab"
    },
    "productPricePerUnit": {
      "value": 12.5,
      "unit": "€/kg"
    },
    "productPriceWithLoyaltyCard": null,
    "productPricePerUnitWithLoyaltyCard": null,
    "imageUrl": "https://rimibaltic-res.cloudinary.com/image/upload/d_ecommerce:backend-fallback.png/MAT_959616_PCE_LV",
    "available": true,
    "discount": 21
  },
  {
    "shop": "MAXIMA",
    "categories": [
      1,
      1001,
      10010016
    ],
    "productName": "Degvīns SOS 37,5 % 0,7L",
    "productPriceOld": null,
    "productPrice": {
      "value": 8.75,
      "unit": "€"
    },
    "productPricePerUnit": {
      "value": 12.5,
      "unit": "€/l"
    },
    "productPriceWithLoyaltyCard": null,
    "productPricePerUnitWithLoyaltyCard": null,
    "imageUrl": "https://cdn.barbora.lv/products/a7a88d4c-0f9d-45ba-b60b-3d7d13f34fd4_s.png",
    "available": true,
    "discount": null
  },
  {
    "shop": "MAXIMA",
    "categories": [
      2,
      2001,
      20010015
    ],
    "productName": "Griķu galetes USTUKIU 100g",
    "productPriceOld": null,
    "productPrice": {
      "value": 1.25,
      "unit": "€"
    },
    "productPricePerUnit": {
      "value": 12.5,
      "unit": "€/kg"
    },
    "productPriceWithLoyaltyCard": null,
    "productPricePerUnitWithLoyaltyCard": null,
    "imageUrl": "https://cdn.barbora.lv/products/b4a8f9fc-e1f0-42bc-810c-398f681022e8_s.png",
    "available": true,
    "discount": null
  },
  {
    "shop": "MAXIMA",
    "categories": [
      2,
      2001,
      20010014
    ],
    "productName": "Sausmaizītes FINN CRISP MULTIGRAIN plānās 175g",
    "productPriceOld": null,
    "productPrice": {
      "value": 2.19,
      "unit": "€"
    },
    "productPricePerUnit": {
      "value": 12.51,
      "unit": "€/kg"
    },
    "productPriceWithLoyaltyCard": null,
    "productPricePerUnitWithLoyaltyCard": null,
    "imageUrl": "https://cdn.barbora.lv/products/1ae798aa-842e-4b9e-839e-91188f0fe242_s.png",
    "available": true,
    "discount": null
  },
  {
    "shop": "RIMI",
    "categories": [
      1,
      1001,
      1001004
    ],
    "productName": "Dz.v. Contarini Millesimato Blanc 11% 0,75l",
    "productPriceOld": null,
    "productPrice": {
      "value": 9.39,
      "unit": "€/gab"
    },
    "productPricePerUnit": {
      "value": 12.52,
      "unit": "€/l"
    },
    "productPriceWithLoyaltyCard": null,
    "productPricePerUnitWithLoyaltyCard": null,
    "imageUrl": "https://rimibaltic-res.cloudinary.com/image/upload/d_ecommerce:backend-fallback.png/MAT_7230141_PCE_LV",
    "available": true,
    "discount": null
  },
  {
    "shop": "RIMI",
    "categories": [
      1,
      1001,
      1001003
    ],
    "productName": "S.v. Old Tbilisi Alazani 12% 0,75l",
    "productPriceOld": null,
    "productPrice": {
      "value": 9.39,
      "unit": "€/gab"
    },
    "productPricePerUnit": {
      "value": 12.52,
      "unit": "€/l"
    },
    "productPriceWithLoyaltyCard": null,
    "productPricePerUnitWithLoyaltyCard": null,
    "imageUrl": "https://rimibaltic-res.cloudinary.com/image/upload/d_ecommerce:backend-fallback.png/MAT_104978_PCE_LV",
    "available": true,
    "discount": null
  },
  {
    "shop": "RIMI",
    "categories": [
      1,
      1001,
      1001003
    ],
    "productName": "B.v. Old Tbilisi Alazani Rkasteli 11,5% 0,75l",
    "productPriceOld": null,
    "productPrice": {
      "value": 9.39,
      "unit": "€/gab"
    },
    "productPricePerUnit": {
      "value": 12.52,
      "unit": "€/l"
    },
    "productPriceWithLoyaltyCard": null,
    "productPricePerUnitWithLoyaltyCard": null,
    "imageUrl": "https://rimibaltic-res.cloudinary.com/image/upload/d_ecommerce:backend-fallback.png/MAT_104977_PCE_LV",
    "available": true,
    "discount": null
  },
  {
    "shop": "RIMI",
    "categories": [
      1,
      1001,
      1001003
    ],
    "productName": "B.v. Robertson Sauvignon Blanc 12% 0,75l",
    "productPriceOld": null,
    "productPrice": {
      "value": 9.39,
      "unit": "€/gab"
    },
    "productPricePerUnit": {
      "value": 12.52,
      "unit": "€/l"
    },
    "productPriceWithLoyaltyCard": null,
    "productPricePerUnitWithLoyaltyCard": null,
    "imageUrl": "https://rimibaltic-res.cloudinary.com/image/upload/d_ecommerce:backend-fallback.png/MAT_7054898_PCE_LV",
    "available": true,
    "discount": null
  },
  {
    "shop": "RIMI",
    "categories": [
      1,
      1001,
      1001003
    ],
    "productName": "B.v. Kendermanns Crafted Gewurztra 11% 0,75l",
    "productPriceOld": null,
    "productPrice": {
      "value": 9.39,
      "unit": "€/gab"
    },
    "productPricePerUnit": {
      "value": 12.52,
      "unit": "€/l"
    },
    "productPriceWithLoyaltyCard": null,
    "productPricePerUnitWithLoyaltyCard": null,
    "imageUrl": "https://rimibaltic-res.cloudinary.com/image/upload/d_ecommerce:backend-fallback.png/MAT_7284330_PCE_LV",
    "available": true,
    "discount": null
  },
  {
    "shop": "RIMI",
    "categories": [
      1,
      1001,
      1001003
    ],
    "productName": "B.v. Kendermanns Crafted Riesling 9% 0,75l",
    "productPriceOld": null,
    "productPrice": {
      "value": 9.39,
      "unit": "€/gab"
    },
    "productPricePerUnit": {
      "value": 12.52,
      "unit": "€/l"
    },
    "productPriceWithLoyaltyCard": null,
    "productPricePerUnitWithLoyaltyCard": null,
    "imageUrl": "https://rimibaltic-res.cloudinary.com/image/upload/d_ecommerce:backend-fallback.png/MAT_7284322_PCE_LV",
    "available": true,
    "discount": null
  },
  {
    "shop": "RIMI",
    "categories": [
      1,
      1001,
      1001002
    ],
    "productName": "Sidrs Abavas ābolu Premium Bruts 8,5% 0,75l",
    "productPriceOld": null,
    "productPrice": {
      "value": 9.39,
      "unit": "€/gab"
    },
    "productPricePerUnit": {
      "value": 12.52,
      "unit": "€/l"
    },
    "productPriceWithLoyaltyCard": null,
    "productPricePerUnitWithLoyaltyCard": null,
    "imageUrl": "https://rimibaltic-res.cloudinary.com/image/upload/d_ecommerce:backend-fallback.png/MAT_1362300_PCE_LV",
    "available": true,
    "discount": null
  },
  {
    "shop": "RIMI",
    "categories": [
      1,
      1001,
      1001003
    ],
    "productName": "Rozā vīns Campo Viejo Rose 13,5% 0,75l",
    "productPriceOld": null,
    "productPrice": {
      "value": 9.39,
      "unit": "€/gab"
    },
    "productPricePerUnit": {
      "value": 12.52,
      "unit": "€/l"
    },
    "productPriceWithLoyaltyCard": null,
    "productPricePerUnitWithLoyaltyCard": null,
    "imageUrl": "https://rimibaltic-res.cloudinary.com/image/upload/d_ecommerce:backend-fallback.png/MAT_7290167_PCE_LV",
    "available": true,
    "discount": null
  },
  {
    "shop": "MAXIMA",
    "categories": [
      1,
      1001,
      1001003
    ],
    "productName": "Vīns PICCINI CHIANTI 12,5% 0,75L",
    "productPriceOld": null,
    "productPrice": {
      "value": 9.39,
      "unit": "€"
    },
    "productPricePerUnit": {
      "value": 12.52,
      "unit": "€/l"
    },
    "productPriceWithLoyaltyCard": null,
    "productPricePerUnitWithLoyaltyCard": null,
    "imageUrl": "https://cdn.barbora.lv/products/7a114cf8-e16d-4096-9575-a1e4fc7bf55e_s.png",
    "available": true,
    "discount": null
  },
  {
    "shop": "MAXIMA",
    "categories": [
      2,
      2001,
      20010014
    ],
    "productName": "Smalkmaizīte SIERA SPILVENTIŅŠ 55g",
    "productPriceOld": null,
    "productPrice": {
      "value": 0.69,
      "unit": "€"
    },
    "productPricePerUnit": {
      "value": 12.55,
      "unit": "€/kg"
    },
    "productPriceWithLoyaltyCard": null,
    "productPricePerUnitWithLoyaltyCard": null,
    "imageUrl": "https://cdn.barbora.lv/products/833470df-a71e-4927-a7a8-ea9fc840273c_s.png",
    "available": true,
    "discount": null
  },
  {
    "shop": "MAXIMA",
    "categories": [
      2,
      2008
    ],
    "productName": "Virtulis Bubble Gum atkausēts 55g",
    "productPriceOld": null,
    "productPrice": {
      "value": 0.69,
      "unit": "€"
    },
    "productPricePerUnit": {
      "value": 12.55,
      "unit": "€/kg"
    },
    "productPriceWithLoyaltyCard": null,
    "productPricePerUnitWithLoyaltyCard": null,
    "imageUrl": "https://cdn.barbora.lv/products/c9baa28b-4390-45dc-8a9e-804e004ebd36_s.png",
    "available": true,
    "discount": null
  },
  {
    "shop": "MAXIMA",
    "categories": [
      1,
      1001,
      10010019
    ],
    "productName": "Stiprs alkoholiskais dzēriens BARONS MINHAUZENS 36%0,5L",
    "productPriceOld": null,
    "productPrice": {
      "value": 6.28,
      "unit": "€"
    },
    "productPricePerUnit": {
      "value": 12.56,
      "unit": "€/l"
    },
    "productPriceWithLoyaltyCard": null,
    "productPricePerUnitWithLoyaltyCard": null,
    "imageUrl": "https://cdn.barbora.lv/products/d147960f-d796-4d57-9d95-cac25d591060_s.png",
    "available": true,
    "discount": null
  },
  {
    "shop": "MAXIMA",
    "categories": [
      1,
      1001,
      10010013
    ],
    "productName": "Liķieris MOKA 30% 0,5l",
    "productPriceOld": {
      "value": 7.42,
      "unit": "€"
    },
    "productPrice": {
      "value": 7.42,
      "unit": "€"
    },
    "productPricePerUnit": {
      "value": 14.84,
      "unit": "€/l"
    },
    "productPriceWithLoyaltyCard": {
      "value": 6.29,
      "unit": "€"
    },
    "productPricePerUnitWithLoyaltyCard": {
      "value": 12.58,
      "unit": "€/l"
    },
    "imageUrl": "https://cdn.barbora.lv/products/f3a6f269-5af1-4f9a-82a5-e47d34fd8776_s.png",
    "available": true,
    "discount": 15
  },
  {
    "shop": "MAXIMA",
    "categories": [
      1,
      1001,
      10010013
    ],
    "productName": "Uzlējums PIPARU RŪGTAIS PET 35% 0,5L D",
    "productPriceOld": {
      "value": 7.98,
      "unit": "€"
    },
    "productPrice": {
      "value": 7.98,
      "unit": "€"
    },
    "productPricePerUnit": {
      "value": 15.96,
      "unit": "€/l"
    },
    "productPriceWithLoyaltyCard": {
      "value": 6.29,
      "unit": "€"
    },
    "productPricePerUnitWithLoyaltyCard": {
      "value": 12.58,
      "unit": "€/l"
    },
    "imageUrl": "https://cdn.barbora.lv/products/6c5a0772-d2da-45e4-a0d3-ab3dfd0a011c_s.png",
    "available": true,
    "discount": 21
  },
  {
    "shop": "MAXIMA",
    "categories": [
      1,
      1001,
      10010013
    ],
    "productName": "Liķieris MOKA TRUFFLE 25% 0,5l",
    "productPriceOld": {
      "value": 7.24,
      "unit": "€"
    },
    "productPrice": {
      "value": 7.24,
      "unit": "€"
    },
    "productPricePerUnit": {
      "value": 14.48,
      "unit": "€/l"
    },
    "productPriceWithLoyaltyCard": {
      "value": 6.29,
      "unit": "€"
    },
    "productPricePerUnitWithLoyaltyCard": {
      "value": 12.58,
      "unit": "€/l"
    },
    "imageUrl": "https://cdn.barbora.lv/products/ababf06f-d4c5-4a92-8569-c654317d5d74_s.png",
    "available": true,
    "discount": 13
  },
  {
    "shop": "MAXIMA",
    "categories": [
      1,
      1001,
      10010013
    ],
    "productName": "Liķieris MOKA HAZELNUT 25% 0,5l",
    "productPriceOld": {
      "value": 7.24,
      "unit": "€"
    },
    "productPrice": {
      "value": 7.24,
      "unit": "€"
    },
    "productPricePerUnit": {
      "value": 14.48,
      "unit": "€/l"
    },
    "productPriceWithLoyaltyCard": {
      "value": 6.29,
      "unit": "€"
    },
    "productPricePerUnitWithLoyaltyCard": {
      "value": 12.58,
      "unit": "€/l"
    },
    "imageUrl": "https://cdn.barbora.lv/products/a53b1fff-fba3-48ea-a201-1a43e5f2d81b_s.png",
    "available": true,
    "discount": 13
  },
  {
    "shop": "MAXIMA",
    "categories": [
      1,
      1001,
      10010019
    ],
    "productName": "Stipr.alk.dzēriens SAMTS 32% 0,5l",
    "productPriceOld": {
      "value": 7.47,
      "unit": "€"
    },
    "productPrice": {
      "value": 6.29,
      "unit": "€"
    },
    "productPricePerUnit": {
      "value": 12.58,
      "unit": "€/l"
    },
    "productPriceWithLoyaltyCard": null,
    "productPricePerUnitWithLoyaltyCard": null,
    "imageUrl": "https://cdn.barbora.lv/products/475b9554-f34c-4d7d-a469-446dcf6af0d8_s.png",
    "available": true,
    "discount": 16
  },
  {
    "shop": "MAXIMA",
    "categories": [
      1,
      1001,
      10010016
    ],
    "productName": "Degvīns STARIJ DRUZHE 40% 0,5l",
    "productPriceOld": {
      "value": 8.97,
      "unit": "€"
    },
    "productPrice": {
      "value": 6.29,
      "unit": "€"
    },
    "productPricePerUnit": {
      "value": 12.58,
      "unit": "€/l"
    },
    "productPriceWithLoyaltyCard": null,
    "productPricePerUnitWithLoyaltyCard": null,
    "imageUrl": "https://cdn.barbora.lv/products/79db42f7-f456-488f-abd4-a384354741bf_s.png",
    "available": true,
    "discount": 30
  },
  {
    "shop": "MAXIMA",
    "categories": [
      2,
      2005
    ],
    "productName": "Kūciņas Tējas pūpēdītis MEISTARA MARKA 2x95g",
    "productPriceOld": null,
    "productPrice": {
      "value": 2.39,
      "unit": "€"
    },
    "productPricePerUnit": {
      "value": 12.58,
      "unit": "€/kg"
    },
    "productPriceWithLoyaltyCard": null,
    "productPricePerUnitWithLoyaltyCard": null,
    "imageUrl": "https://cdn.barbora.lv/products/95b7a704-d489-4738-9cfd-8896a6f92e33_s.png",
    "available": true,
    "discount": null
  },
  {
    "shop": "MAXIMA",
    "categories": [
      2,
      2002
    ],
    "productName": "Torte Sarkanais velvets PELLIJA 950g",
    "productPriceOld": null,
    "productPrice": {
      "value": 11.99,
      "unit": "€"
    },
    "productPricePerUnit": {
      "value": 12.62,
      "unit": "€/kg"
    },
    "productPriceWithLoyaltyCard": null,
    "productPricePerUnitWithLoyaltyCard": null,
    "imageUrl": "https://cdn.barbora.lv/products/63e3823d-c6d2-40e0-9d30-0fd1879c96b0_s.png",
    "available": true,
    "discount": null
  },
  {
    "shop": "RIMI",
    "categories": [
      2,
      2005
    ],
    "productName": "Rulete Rimi dzērveņu 300g",
    "productPriceOld": null,
    "productPrice": {
      "value": 3.79,
      "unit": "€/gab"
    },
    "productPricePerUnit": {
      "value": 12.63,
      "unit": "€/kg"
    },
    "productPriceWithLoyaltyCard": null,
    "productPricePerUnitWithLoyaltyCard": null,
    "imageUrl": "https://rimibaltic-res.cloudinary.com/image/upload/d_ecommerce:backend-fallback.png/MAT_806972_PCE_LV",
    "available": true,
    "discount": null
  },
  {
    "shop": "MAXIMA",
    "categories": [
      2,
      2005
    ],
    "productName": "Kūkas Kartupelīši PELLIJA 300g",
    "productPriceOld": null,
    "productPrice": {
      "value": 3.79,
      "unit": "€"
    },
    "productPricePerUnit": {
      "value": 12.63,
      "unit": "€/kg"
    },
    "productPriceWithLoyaltyCard": null,
    "productPricePerUnitWithLoyaltyCard": null,
    "imageUrl": "https://cdn.barbora.lv/products/bd6b960f-ab42-4aad-92eb-5e66ce35382c_s.png",
    "available": true,
    "discount": null
  },
  {
    "shop": "MAXIMA",
    "categories": [
      1,
      1001,
      1001003
    ],
    "productName": "Vīns CAMPO VIEJO TEMPRANILLO 13,5% 0,75L",
    "productPriceOld": null,
    "productPrice": {
      "value": 9.49,
      "unit": "€"
    },
    "productPricePerUnit": {
      "value": 12.65,
      "unit": "€/l"
    },
    "productPriceWithLoyaltyCard": null,
    "productPricePerUnitWithLoyaltyCard": null,
    "imageUrl": "https://cdn.barbora.lv/products/c3565fcd-ca1d-484b-b4ac-8b9c268050a5_s.png",
    "available": true,
    "discount": null
  },
  {
    "shop": "CITRO",
    "categories": [
      1,
      1001,
      1001004
    ],
    "productName": "DZ.VĪNS JACOBS CREEK CHARDONNAY PINOT 12% 0.75L",
    "productPriceOld": null,
    "productPrice": null,
    "productPricePerUnit": {
      "value": 12.65,
      "unit": "€/L"
    },
    "productPriceWithLoyaltyCard": null,
    "productPricePerUnitWithLoyaltyCard": null,
    "imageUrl": "https://rezekne.citro.lv/wp-content/uploads/2020/12/9300727839114-300x300.jpg",
    "available": true,
    "discount": null
  },
  {
    "shop": "RIMI",
    "categories": [
      1,
      1001,
      10010016
    ],
    "productName": "Degvīns Beloff 40% 0,5l",
    "productPriceOld": null,
    "productPrice": {
      "value": 6.35,
      "unit": "€/gab"
    },
    "productPricePerUnit": {
      "value": 12.7,
      "unit": "€/l"
    },
    "productPriceWithLoyaltyCard": null,
    "productPricePerUnitWithLoyaltyCard": null,
    "imageUrl": "https://rimibaltic-res.cloudinary.com/image/upload/d_ecommerce:backend-fallback.png/MAT_802728_PCE_LV",
    "available": true,
    "discount": null
  },
  {
    "shop": "MAXIMA",
    "categories": [
      1,
      1001,
      10010016
    ],
    "productName": "Degvīns VODKA 40% 0,5l",
    "productPriceOld": null,
    "productPrice": {
      "value": 6.35,
      "unit": "€"
    },
    "productPricePerUnit": {
      "value": 12.7,
      "unit": "€/l"
    },
    "productPriceWithLoyaltyCard": null,
    "productPricePerUnitWithLoyaltyCard": null,
    "imageUrl": "https://cdn.barbora.lv/products/da3adada-c9c1-402a-a898-27c3f3eae1bb_s.png",
    "available": true,
    "discount": null
  },
  {
    "shop": "RIMI",
    "categories": [
      2,
      2001,
      20010015
    ],
    "productName": "Grauzdiņi Liepkalni gaišie ķiploku 200g",
    "productPriceOld": null,
    "productPrice": {
      "value": 2.55,
      "unit": "€/gab"
    },
    "productPricePerUnit": {
      "value": 12.75,
      "unit": "€/kg"
    },
    "productPriceWithLoyaltyCard": null,
    "productPricePerUnitWithLoyaltyCard": null,
    "imageUrl": "https://rimibaltic-res.cloudinary.com/image/upload/d_ecommerce:backend-fallback.png/MAT_278875_PCE_LV",
    "available": true,
    "discount": null
  },
  {
    "shop": "RIMI",
    "categories": [
      1,
      1001,
      1001006
    ],
    "productName": "Vermuts Cinzano Bianco 15% 1l",
    "productPriceOld": null,
    "productPrice": {
      "value": 12.75,
      "unit": "€/gab"
    },
    "productPricePerUnit": {
      "value": 12.75,
      "unit": "€/l"
    },
    "productPriceWithLoyaltyCard": null,
    "productPricePerUnitWithLoyaltyCard": null,
    "imageUrl": "https://rimibaltic-res.cloudinary.com/image/upload/d_ecommerce:backend-fallback.png/MAT_102200_PCE_LV",
    "available": true,
    "discount": null
  },
  {
    "shop": "RIMI",
    "categories": [
      1,
      1001,
      1001006
    ],
    "productName": "Vermuts Cinzano Bianco 15% 1l",
    "productPriceOld": null,
    "productPrice": {
      "value": 12.75,
      "unit": "€/gab"
    },
    "productPricePerUnit": {
      "value": 12.75,
      "unit": "€/l"
    },
    "productPriceWithLoyaltyCard": null,
    "productPricePerUnitWithLoyaltyCard": null,
    "imageUrl": "https://rimibaltic-res.cloudinary.com/image/upload/d_ecommerce:backend-fallback.png/MAT_102200_PCE_LV",
    "available": true,
    "discount": null
  },
  {
    "shop": "MAXIMA",
    "categories": [
      1,
      1001,
      1001003
    ],
    "productName": "Vīns ZENATO PINOT GRIGIO 12,5% 0,75L",
    "productPriceOld": {
      "value": 17.35,
      "unit": "€"
    },
    "productPrice": {
      "value": 17.35,
      "unit": "€"
    },
    "productPricePerUnit": {
      "value": 23.13,
      "unit": "€/l"
    },
    "productPriceWithLoyaltyCard": {
      "value": 9.59,
      "unit": "€"
    },
    "productPricePerUnitWithLoyaltyCard": {
      "value": 12.78,
      "unit": "€/l"
    },
    "imageUrl": "https://cdn.barbora.lv/products/936be17e-dc2c-4bf9-9b37-328148306476_s.png",
    "available": true,
    "discount": 45
  },
  {
    "shop": "MAXIMA",
    "categories": [
      2,
      2009
    ],
    "productName": "Eklēri ar karameļu krēmu MEISTARA MARKA 2x70g",
    "productPriceOld": {
      "value": 2.39,
      "unit": "€"
    },
    "productPrice": {
      "value": 1.79,
      "unit": "€"
    },
    "productPricePerUnit": {
      "value": 12.78,
      "unit": "€/kg"
    },
    "productPriceWithLoyaltyCard": null,
    "productPricePerUnitWithLoyaltyCard": null,
    "imageUrl": "https://cdn.barbora.lv/products/2e738ab6-aa76-49bc-b712-924d6db2453b_s.png",
    "available": true,
    "discount": 25
  },
  {
    "shop": "CITRO",
    "categories": [
      1,
      1001,
      10010019
    ],
    "productName": "ST.ALK.DZ. HEKTORS HEX ON THE BEACH 30% 0.5L",
    "productPriceOld": {
      "value": 6.99,
      "unit": "€"
    },
    "productPrice": {
      "value": 6.39,
      "unit": "€"
    },
    "productPricePerUnit": {
      "value": 12.78,
      "unit": "€/L"
    },
    "productPriceWithLoyaltyCard": null,
    "productPricePerUnitWithLoyaltyCard": null,
    "imageUrl": "https://rezekne.citro.lv/wp-content/uploads/2024/06/4750021013522-300x300.jpg",
    "available": true,
    "discount": 9
  },
  {
    "shop": "RIMI",
    "categories": [
      1,
      1001,
      1001004
    ],
    "productName": "Dz. vīns Chic Barcelona Cava Brut 11,5% 0,75l",
    "productPriceOld": null,
    "productPrice": {
      "value": 9.59,
      "unit": "€/gab"
    },
    "productPricePerUnit": {
      "value": 12.79,
      "unit": "€/l"
    },
    "productPriceWithLoyaltyCard": null,
    "productPricePerUnitWithLoyaltyCard": null,
    "imageUrl": "https://rimibaltic-res.cloudinary.com/image/upload/d_ecommerce:backend-fallback.png/MAT_7168731_PCE_LV",
    "available": true,
    "discount": null
  },
  {
    "shop": "RIMI",
    "categories": [
      1,
      1001,
      1001003
    ],
    "productName": "Sarkanvīns Barone Montalto Sryrah 14% 0,75l",
    "productPriceOld": null,
    "productPrice": {
      "value": 9.59,
      "unit": "€/gab"
    },
    "productPricePerUnit": {
      "value": 12.79,
      "unit": "€/l"
    },
    "productPriceWithLoyaltyCard": null,
    "productPricePerUnitWithLoyaltyCard": null,
    "imageUrl": "https://rimibaltic-res.cloudinary.com/image/upload/d_ecommerce:backend-fallback.png/MAT_7250608_PCE_LV",
    "available": true,
    "discount": null
  },
  {
    "shop": "RIMI",
    "categories": [
      1,
      1001,
      1001004
    ],
    "productName": "Dz. vīns Chic Barcelona Cava Rose 11,5% 0,75l",
    "productPriceOld": null,
    "productPrice": {
      "value": 9.59,
      "unit": "€/gab"
    },
    "productPricePerUnit": {
      "value": 12.79,
      "unit": "€/l"
    },
    "productPriceWithLoyaltyCard": null,
    "productPricePerUnitWithLoyaltyCard": null,
    "imageUrl": "https://rimibaltic-res.cloudinary.com/image/upload/d_ecommerce:backend-fallback.png/MAT_7249192_PCE_LV",
    "available": true,
    "discount": null
  },
  {
    "shop": "RIMI",
    "categories": [
      1,
      1001,
      1001004
    ],
    "productName": "Dz.v. Mionetto Glera 11% 0,75l",
    "productPriceOld": null,
    "productPrice": {
      "value": 11.75,
      "unit": "€/gab"
    },
    "productPricePerUnit": {
      "value": 15.67,
      "unit": "€/l"
    },
    "productPriceWithLoyaltyCard": {
      "value": 9.59,
      "unit": "€"
    },
    "productPricePerUnitWithLoyaltyCard": {
      "value": 12.79,
      "unit": "€/l"
    },
    "imageUrl": "https://rimibaltic-res.cloudinary.com/image/upload/d_ecommerce:backend-fallback.png/MAT_7032747_PCE_LV",
    "available": true,
    "discount": 18
  },
  {
    "shop": "MAXIMA",
    "categories": [
      1,
      1001,
      1001005
    ],
    "productName": "Alk.kokt.J.P.CHENET Spritz 5,5% 0,75L D",
    "productPriceOld": null,
    "productPrice": {
      "value": 9.59,
      "unit": "€"
    },
    "productPricePerUnit": {
      "value": 12.79,
      "unit": "€/l"
    },
    "productPriceWithLoyaltyCard": null,
    "productPricePerUnitWithLoyaltyCard": null,
    "imageUrl": "https://cdn.barbora.lv/products/12ff40c2-9e76-4c3c-934a-71f3d77f167f_s.png",
    "available": true,
    "discount": null
  },
  {
    "shop": "MAXIMA",
    "categories": [
      1,
      1001,
      1001004
    ],
    "productName": "Dz.vīns CHIC BARCELONA BRUT 11,5% 0,75L",
    "productPriceOld": null,
    "productPrice": {
      "value": 9.59,
      "unit": "€"
    },
    "productPricePerUnit": {
      "value": 12.79,
      "unit": "€/l"
    },
    "productPriceWithLoyaltyCard": null,
    "productPricePerUnitWithLoyaltyCard": null,
    "imageUrl": "https://cdn.barbora.lv/products/84bf50aa-6202-4c75-a1c6-eb3bc709fc64_s.png",
    "available": true,
    "discount": null
  },
  {
    "shop": "MAXIMA",
    "categories": [
      1,
      1001,
      1001003
    ],
    "productName": "Vīns VILLA PUCCINI CHIANTI 12,5% 0,75L",
    "productPriceOld": null,
    "productPrice": {
      "value": 9.59,
      "unit": "€"
    },
    "productPricePerUnit": {
      "value": 12.79,
      "unit": "€/l"
    },
    "productPriceWithLoyaltyCard": null,
    "productPricePerUnitWithLoyaltyCard": null,
    "imageUrl": "https://cdn.barbora.lv/products/27b3cc0d-baa6-429a-b77d-02a453c3e334_s.png",
    "available": true,
    "discount": null
  },
  {
    "shop": "CITRO",
    "categories": [
      1,
      1001,
      1001004
    ],
    "productName": "DZ.VĪNS FREIXENET PROSECO DOC 11% 0.75L",
    "productPriceOld": null,
    "productPrice": null,
    "productPricePerUnit": {
      "value": 12.79,
      "unit": "€/L"
    },
    "productPriceWithLoyaltyCard": null,
    "productPricePerUnitWithLoyaltyCard": null,
    "imageUrl": "https://rezekne.citro.lv/wp-content/uploads/2023/03/8410036806422-300x300.jpg",
    "available": true,
    "discount": null
  },
  {
    "shop": "MAXIMA",
    "categories": [
      1,
      1001,
      10010013
    ],
    "productName": "Liķieris CANARI TIRAMISU 15% 0,35L",
    "productPriceOld": {
      "value": 5.84,
      "unit": "€"
    },
    "productPrice": {
      "value": 5.84,
      "unit": "€"
    },
    "productPricePerUnit": {
      "value": 16.69,
      "unit": "€/l"
    },
    "productPriceWithLoyaltyCard": {
      "value": 4.49,
      "unit": "€"
    },
    "productPricePerUnitWithLoyaltyCard": {
      "value": 12.83,
      "unit": "€/l"
    },
    "imageUrl": "https://cdn.barbora.lv/products/7876b0a1-0a8b-41ff-b947-6bab3b7e9c06_s.png",
    "available": true,
    "discount": 23
  },
  {
    "shop": "RIMI",
    "categories": [
      2,
      2001,
      2001007
    ],
    "productName": "Kliju sausmaizītes 155g",
    "productPriceOld": null,
    "productPrice": {
      "value": 1.99,
      "unit": "€/gab"
    },
    "productPricePerUnit": {
      "value": 12.84,
      "unit": "€/kg"
    },
    "productPriceWithLoyaltyCard": null,
    "productPricePerUnitWithLoyaltyCard": null,
    "imageUrl": "https://rimibaltic-res.cloudinary.com/image/upload/d_ecommerce:backend-fallback.png/MAT_280722_PCE_LV",
    "available": true,
    "discount": null
  },
  {
    "shop": "RIMI",
    "categories": [
      2,
      2001,
      20010014
    ],
    "productName": "Rīsu sausmaizītes 155g",
    "productPriceOld": null,
    "productPrice": {
      "value": 1.99,
      "unit": "€/gab"
    },
    "productPricePerUnit": {
      "value": 12.84,
      "unit": "€/kg"
    },
    "productPriceWithLoyaltyCard": null,
    "productPricePerUnitWithLoyaltyCard": null,
    "imageUrl": "https://rimibaltic-res.cloudinary.com/image/upload/d_ecommerce:backend-fallback.png/MAT_282197_PCE_LV",
    "available": true,
    "discount": null
  },
  {
    "shop": "RIMI",
    "categories": [
      2,
      2002
    ],
    "productName": "Biezpiena torte ar upenēm 700g",
    "productPriceOld": null,
    "productPrice": {
      "value": 8.99,
      "unit": "€/gab"
    },
    "productPricePerUnit": {
      "value": 12.84,
      "unit": "€/kg"
    },
    "productPriceWithLoyaltyCard": null,
    "productPricePerUnitWithLoyaltyCard": null,
    "imageUrl": "https://rimibaltic-res.cloudinary.com/image/upload/d_ecommerce:backend-fallback.png/MAT_4005639_PCE_LV",
    "available": true,
    "discount": null
  },
  {
    "shop": "RIMI",
    "categories": [
      1,
      1001,
      10010012
    ],
    "productName": "Džins Bartender's Club 37,5% 0,7l",
    "productPriceOld": null,
    "productPrice": {
      "value": 11.09,
      "unit": "€/gab"
    },
    "productPricePerUnit": {
      "value": 15.84,
      "unit": "€/l"
    },
    "productPriceWithLoyaltyCard": {
      "value": 8.99,
      "unit": "€"
    },
    "productPricePerUnitWithLoyaltyCard": {
      "value": 12.84,
      "unit": "€/l"
    },
    "imageUrl": "https://rimibaltic-res.cloudinary.com/image/upload/d_ecommerce:backend-fallback.png/MAT_813306_PCE_LV",
    "available": true,
    "discount": 19
  },
  {
    "shop": "RIMI",
    "categories": [
      1,
      1001,
      10010019
    ],
    "productName": "Karstais alk.dz.Trollberry Merry 15% 0,7l",
    "productPriceOld": null,
    "productPrice": {
      "value": 8.99,
      "unit": "€/gab"
    },
    "productPricePerUnit": {
      "value": 12.84,
      "unit": "€/l"
    },
    "productPriceWithLoyaltyCard": null,
    "productPricePerUnitWithLoyaltyCard": null,
    "imageUrl": "https://rimibaltic-res.cloudinary.com/image/upload/d_ecommerce:backend-fallback.png/MAT_7302760_PCE_LV",
    "available": true,
    "discount": null
  },
  {
    "shop": "MAXIMA",
    "categories": [
      1,
      1001,
      10010016
    ],
    "productName": "Degvīns VODKA 40% 0,7l",
    "productPriceOld": null,
    "productPrice": {
      "value": 8.99,
      "unit": "€"
    },
    "productPricePerUnit": {
      "value": 12.84,
      "unit": "€/l"
    },
    "productPriceWithLoyaltyCard": null,
    "productPricePerUnitWithLoyaltyCard": null,
    "imageUrl": "https://cdn.barbora.lv/products/111454aa-9bc5-4ea1-96f1-5186c9561b42_s.png",
    "available": true,
    "discount": null
  },
  {
    "shop": "MAXIMA",
    "categories": [
      2,
      2002
    ],
    "productName": "Torte Biezpiena ar upenēm PELLIJA 700g",
    "productPriceOld": null,
    "productPrice": {
      "value": 8.99,
      "unit": "€"
    },
    "productPricePerUnit": {
      "value": 12.84,
      "unit": "€/kg"
    },
    "productPriceWithLoyaltyCard": null,
    "productPricePerUnitWithLoyaltyCard": null,
    "imageUrl": "https://cdn.barbora.lv/products/3cbf90f1-9e32-4e2b-b261-f5e54209791d_s.png",
    "available": true,
    "discount": null
  },
  {
    "shop": "MAXIMA",
    "categories": [
      2,
      2001,
      2001007
    ],
    "productName": "Sausmaizītes kliju Mario 155g",
    "productPriceOld": null,
    "productPrice": {
      "value": 1.99,
      "unit": "€"
    },
    "productPricePerUnit": {
      "value": 12.84,
      "unit": "€/kg"
    },
    "productPriceWithLoyaltyCard": null,
    "productPricePerUnitWithLoyaltyCard": null,
    "imageUrl": "https://cdn.barbora.lv/products/b27e261f-7627-411f-a564-3f5c8f4ab711_s.png",
    "available": true,
    "discount": null
  },
  {
    "shop": "MAXIMA",
    "categories": [
      2,
      2001,
      20010014
    ],
    "productName": "Sausmaizītes kviešu Mario 155g",
    "productPriceOld": null,
    "productPrice": {
      "value": 1.99,
      "unit": "€"
    },
    "productPricePerUnit": {
      "value": 12.84,
      "unit": "€/kg"
    },
    "productPriceWithLoyaltyCard": null,
    "productPricePerUnitWithLoyaltyCard": null,
    "imageUrl": "https://cdn.barbora.lv/products/7cdb71cd-9b6c-4873-b781-af1270abfcb6_s.png",
    "available": true,
    "discount": null
  },
  {
    "shop": "CITRO",
    "categories": [
      1,
      1001,
      10010019
    ],
    "productName": "ST.ALK.DZ. HEKTORS 32% 0.7L",
    "productPriceOld": null,
    "productPrice": null,
    "productPricePerUnit": {
      "value": 12.84,
      "unit": "€/L"
    },
    "productPriceWithLoyaltyCard": null,
    "productPricePerUnitWithLoyaltyCard": null,
    "imageUrl": "https://rezekne.citro.lv/wp-content/uploads/2021/02/4750021531231-300x300.jpg",
    "available": true,
    "discount": null
  },
  {
    "shop": "CITRO",
    "categories": [
      2,
      2001,
      20010014
    ],
    "productName": "SAUSMAIZĪTES MARIO RĪSU 155G",
    "productPriceOld": null,
    "productPrice": null,
    "productPricePerUnit": {
      "value": 12.84,
      "unit": "€/KG"
    },
    "productPriceWithLoyaltyCard": null,
    "productPricePerUnitWithLoyaltyCard": null,
    "imageUrl": "https://rezekne.citro.lv/wp-content/uploads/2020/07/4750163327419-300x300.jpg",
    "available": true,
    "discount": null
  },
  {
    "shop": "MAXIMA",
    "categories": [
      1,
      1001,
      1001003
    ],
    "productName": "Vīns PICCINI CHIANTI RISERVA 13% 0,75L",
    "productPriceOld": null,
    "productPrice": {
      "value": 9.64,
      "unit": "€"
    },
    "productPricePerUnit": {
      "value": 12.85,
      "unit": "€/l"
    },
    "productPriceWithLoyaltyCard": null,
    "productPricePerUnitWithLoyaltyCard": null,
    "imageUrl": "https://cdn.barbora.lv/products/bccaafc8-9573-475c-8daa-9ee5d11d8db8_s.png",
    "available": true,
    "discount": null
  },
  {
    "shop": "MAXIMA",
    "categories": [
      1,
      1001,
      1001003
    ],
    "productName": "Vīns ASKANELI KAKHETI VALLEY W.12% 0,75L",
    "productPriceOld": null,
    "productPrice": {
      "value": 9.66,
      "unit": "€"
    },
    "productPricePerUnit": {
      "value": 12.88,
      "unit": "€/l"
    },
    "productPriceWithLoyaltyCard": null,
    "productPricePerUnitWithLoyaltyCard": null,
    "imageUrl": "https://cdn.barbora.lv/products/d40e8c55-5804-4c40-8948-30284b9eeb6d_s.png",
    "available": true,
    "discount": null
  },
  {
    "shop": "MAXIMA",
    "categories": [
      1,
      1001,
      1001003
    ],
    "productName": "Vīns Schloss Bockfl.Adele I 12,5% 0,75L",
    "productPriceOld": null,
    "productPrice": {
      "value": 9.67,
      "unit": "€"
    },
    "productPricePerUnit": {
      "value": 12.89,
      "unit": "€/l"
    },
    "productPriceWithLoyaltyCard": null,
    "productPricePerUnitWithLoyaltyCard": null,
    "imageUrl": "https://cdn.barbora.lv/products/954ea6d7-0eff-4076-843b-f1acfa3faf91_s.png",
    "available": true,
    "discount": null
  },
  {
    "shop": "RIMI",
    "categories": [
      2,
      2001,
      20010015
    ],
    "productName": "Klasiskie grauzdiņi 100g",
    "productPriceOld": null,
    "productPrice": {
      "value": 1.29,
      "unit": "€/gab"
    },
    "productPricePerUnit": {
      "value": 12.9,
      "unit": "€/kg"
    },
    "productPriceWithLoyaltyCard": null,
    "productPricePerUnitWithLoyaltyCard": null,
    "imageUrl": "https://rimibaltic-res.cloudinary.com/image/upload/d_ecommerce:backend-fallback.png/MAT_165351_PCE_LV",
    "available": true,
    "discount": null
  },
  {
    "shop": "RIMI",
    "categories": [
      1,
      1001,
      1001003
    ],
    "productName": "S.v. Campo Viejo Tempranillo 13,5% 0,75l",
    "productPriceOld": null,
    "productPrice": {
      "value": 9.69,
      "unit": "€/gab"
    },
    "productPricePerUnit": {
      "value": 12.92,
      "unit": "€/l"
    },
    "productPriceWithLoyaltyCard": null,
    "productPricePerUnitWithLoyaltyCard": null,
    "imageUrl": "https://rimibaltic-res.cloudinary.com/image/upload/d_ecommerce:backend-fallback.png/MAT_142696_PCE_LV",
    "available": true,
    "discount": null
  },
  {
    "shop": "MAXIMA",
    "categories": [
      1,
      1001,
      1001003
    ],
    "productName": "Vīns ASKANELI KAKHETI VALLEY R.12% 0,75L",
    "productPriceOld": null,
    "productPrice": {
      "value": 9.69,
      "unit": "€"
    },
    "productPricePerUnit": {
      "value": 12.92,
      "unit": "€/l"
    },
    "productPriceWithLoyaltyCard": null,
    "productPricePerUnitWithLoyaltyCard": null,
    "imageUrl": "https://cdn.barbora.lv/products/437350d0-9e30-47f9-8585-a228bef95f86_s.png",
    "available": true,
    "discount": null
  },
  {
    "shop": "MAXIMA",
    "categories": [
      1,
      1001,
      1001003
    ],
    "productName": "Vīns Schloss Bockfl.Adele II 12,5% 0,75L",
    "productPriceOld": null,
    "productPrice": {
      "value": 9.69,
      "unit": "€"
    },
    "productPricePerUnit": {
      "value": 12.92,
      "unit": "€/l"
    },
    "productPriceWithLoyaltyCard": null,
    "productPricePerUnitWithLoyaltyCard": null,
    "imageUrl": "https://cdn.barbora.lv/products/014b507a-f088-4509-981f-a03bce2aa324_s.png",
    "available": true,
    "discount": null
  },
  {
    "shop": "MAXIMA",
    "categories": [
      1,
      1001,
      1001003
    ],
    "productName": "Vīns Schloss Bockfl.Adele III 13,5%0,75L",
    "productPriceOld": null,
    "productPrice": {
      "value": 9.69,
      "unit": "€"
    },
    "productPricePerUnit": {
      "value": 12.92,
      "unit": "€/l"
    },
    "productPriceWithLoyaltyCard": null,
    "productPricePerUnitWithLoyaltyCard": null,
    "imageUrl": "https://cdn.barbora.lv/products/5321f465-c3ec-4f54-ba71-faddc6c98af2_s.png",
    "available": true,
    "discount": null
  },
  {
    "shop": "CITRO",
    "categories": [
      1,
      1001,
      1001004
    ],
    "productName": "DZ.VĪNS BLUE NUN SPARKLING GOLD 11% 0.75L",
    "productPriceOld": {
      "value": 10.99,
      "unit": "€"
    },
    "productPrice": {
      "value": 9.69,
      "unit": "€"
    },
    "productPricePerUnit": {
      "value": 12.92,
      "unit": "€/L"
    },
    "productPriceWithLoyaltyCard": null,
    "productPricePerUnitWithLoyaltyCard": null,
    "imageUrl": "https://rezekne.citro.lv/wp-content/uploads/2021/06/4022025370032-300x300.jpg",
    "available": true,
    "discount": 12
  },
  {
    "shop": "RIMI",
    "categories": [
      2,
      2009
    ],
    "productName": "Eklēri Pellija ar šokolādes krēmu 200g",
    "productPriceOld": {
      "value": 2.99,
      "unit": "€"
    },
    "productPrice": {
      "value": 2.59,
      "unit": "€/gab"
    },
    "productPricePerUnit": {
      "value": 12.95,
      "unit": "€/kg"
    },
    "productPriceWithLoyaltyCard": null,
    "productPricePerUnitWithLoyaltyCard": null,
    "imageUrl": "https://rimibaltic-res.cloudinary.com/image/upload/d_ecommerce:backend-fallback.png/MAT_4006567_PCE_LV",
    "available": true,
    "discount": 13
  },
  {
    "shop": "RIMI",
    "categories": [
      2,
      2001,
      20010014
    ],
    "productName": "Kviešu sausmaizītes Wasa sezama 200g",
    "productPriceOld": null,
    "productPrice": {
      "value": 2.59,
      "unit": "€/gab"
    },
    "productPricePerUnit": {
      "value": 12.95,
      "unit": "€/kg"
    },
    "productPriceWithLoyaltyCard": null,
    "productPricePerUnitWithLoyaltyCard": null,
    "imageUrl": "https://rimibaltic-res.cloudinary.com/image/upload/d_ecommerce:backend-fallback.png/MAT_108120_PCE_LV",
    "available": true,
    "discount": null
  },
  {
    "shop": "MAXIMA",
    "categories": [
      2,
      2005
    ],
    "productName": "Biezpiena bumbiņas ar aveņu pildījumu atkausētas 200g",
    "productPriceOld": null,
    "productPrice": {
      "value": 2.59,
      "unit": "€"
    },
    "productPricePerUnit": {
      "value": 12.95,
      "unit": "€/kg"
    },
    "productPriceWithLoyaltyCard": null,
    "productPricePerUnitWithLoyaltyCard": null,
    "imageUrl": "https://cdn.barbora.lv/products/c3eefdb2-7846-466f-9a07-6ae6f28a0bf1_s.png",
    "available": true,
    "discount": null
  },
  {
    "shop": "MAXIMA",
    "categories": [
      2,
      2001,
      20010014
    ],
    "productName": "Kviešu sausmaizītes Sesam WASA 200g",
    "productPriceOld": null,
    "productPrice": {
      "value": 2.59,
      "unit": "€"
    },
    "productPricePerUnit": {
      "value": 12.95,
      "unit": "€/kg"
    },
    "productPriceWithLoyaltyCard": null,
    "productPricePerUnitWithLoyaltyCard": null,
    "imageUrl": "https://cdn.barbora.lv/products/f570ad68-f11b-45ee-84c6-3b1f158e1fc3_s.png",
    "available": true,
    "discount": null
  },
  {
    "shop": "CITRO",
    "categories": [
      2,
      2001,
      20010011
    ],
    "productName": "SAUSMAIZĪTES SELGA NATURE AR SĒKLĀM, ČILI, ĶIPLOKS 200G",
    "productPriceOld": {
      "value": 2.99,
      "unit": "€"
    },
    "productPrice": {
      "value": 2.59,
      "unit": "€"
    },
    "productPricePerUnit": {
      "value": 12.95,
      "unit": "€/KG"
    },
    "productPriceWithLoyaltyCard": null,
    "productPricePerUnitWithLoyaltyCard": null,
    "imageUrl": "https://rezekne.citro.lv/wp-content/uploads/2024/02/4750007000096-300x300.jpg",
    "available": true,
    "discount": 13
  },
  {
    "shop": "CITRO",
    "categories": [
      2,
      2001,
      20010011
    ],
    "productName": "SAUSMAZĪTES SELGA NATURE AR SĒKLĀM 200G",
    "productPriceOld": {
      "value": 2.99,
      "unit": "€"
    },
    "productPrice": {
      "value": 2.59,
      "unit": "€"
    },
    "productPricePerUnit": {
      "value": 12.95,
      "unit": "€/KG"
    },
    "productPriceWithLoyaltyCard": null,
    "productPricePerUnitWithLoyaltyCard": null,
    "imageUrl": "https://rezekne.citro.lv/wp-content/uploads/2024/02/4750007000072-300x300.jpg",
    "available": true,
    "discount": 13
  },
  {
    "shop": "RIMI",
    "categories": [
      1,
      1001,
      10010010
    ],
    "productName": "Brendijs Bartender's Club 38% 0,5l",
    "productPriceOld": null,
    "productPrice": {
      "value": 6.49,
      "unit": "€/gab"
    },
    "productPricePerUnit": {
      "value": 12.98,
      "unit": "€/l"
    },
    "productPriceWithLoyaltyCard": null,
    "productPricePerUnitWithLoyaltyCard": null,
    "imageUrl": "https://rimibaltic-res.cloudinary.com/image/upload/d_ecommerce:backend-fallback.png/MAT_805032_PCE_LV",
    "available": true,
    "discount": null
  },
  {
    "shop": "MAXIMA",
    "categories": [
      1,
      1001,
      10010010
    ],
    "productName": "Brendijs AMAZONIA 36% 0,5L",
    "productPriceOld": null,
    "productPrice": {
      "value": 6.49,
      "unit": "€"
    },
    "productPricePerUnit": {
      "value": 12.98,
      "unit": "€/l"
    },
    "productPriceWithLoyaltyCard": null,
    "productPricePerUnitWithLoyaltyCard": null,
    "imageUrl": "https://cdn.barbora.lv/products/0747899e-ce0b-4962-afef-383fa8692a09_s.png",
    "available": true,
    "discount": null
  },
  {
    "shop": "MAXIMA",
    "categories": [
      2,
      2002
    ],
    "productName": "Torte Cielaviņa STABURADZE 1kg",
    "productPriceOld": {
      "value": 19.29,
      "unit": "€"
    },
    "productPrice": {
      "value": 19.29,
      "unit": "€"
    },
    "productPricePerUnit": {
      "value": 19.29,
      "unit": "€/kg"
    },
    "productPriceWithLoyaltyCard": {
      "value": 12.99,
      "unit": "€"
    },
    "productPricePerUnitWithLoyaltyCard": {
      "value": 12.99,
      "unit": "€/kg"
    },
    "imageUrl": "https://cdn.barbora.lv/products/f1e984a3-e5bf-40dc-be43-5839fc28e51e_s.png",
    "available": true,
    "discount": 33
  },
  {
    "shop": "MAXIMA",
    "categories": [
      2,
      2002
    ],
    "productName": "Torte Ogu-šokolādes MEISTARA MARKA kg",
    "productPriceOld": null,
    "productPrice": {
      "value": 12.99,
      "unit": "€"
    },
    "productPricePerUnit": {
      "value": 12.99,
      "unit": "€/kg"
    },
    "productPriceWithLoyaltyCard": null,
    "productPricePerUnitWithLoyaltyCard": null,
    "imageUrl": "https://cdn.barbora.lv/products/5d1f63ef-6c01-48d4-a88e-4f204807745d_s.png",
    "available": true,
    "discount": null
  },
  {
    "shop": "MAXIMA",
    "categories": [
      2,
      2002
    ],
    "productName": "Torte Svētku MEISTARA MARKA kg",
    "productPriceOld": null,
    "productPrice": {
      "value": 12.99,
      "unit": "€"
    },
    "productPricePerUnit": {
      "value": 12.99,
      "unit": "€/kg"
    },
    "productPriceWithLoyaltyCard": null,
    "productPricePerUnitWithLoyaltyCard": null,
    "imageUrl": "https://cdn.barbora.lv/products/8aa24fec-605b-4cf9-a53a-5ccea2e6f332_s.png",
    "available": true,
    "discount": null
  },
  {
    "shop": "RIMI",
    "categories": [
      1,
      1001,
      1001003
    ],
    "productName": "S.v. Lago Sagrado 13.0% 0,75l",
    "productPriceOld": null,
    "productPrice": {
      "value": 9.79,
      "unit": "€/gab"
    },
    "productPricePerUnit": {
      "value": 13.05,
      "unit": "€/l"
    },
    "productPriceWithLoyaltyCard": null,
    "productPricePerUnitWithLoyaltyCard": null,
    "imageUrl": "https://rimibaltic-res.cloudinary.com/image/upload/d_ecommerce:backend-fallback.png/MAT_7289324_PCE_LV",
    "available": true,
    "discount": null
  },
  {
    "shop": "MAXIMA",
    "categories": [
      1,
      1001,
      1001003
    ],
    "productName": "Vīns GALLO FAMILY Zinfan.Rose 8,5% 0,75L",
    "productPriceOld": null,
    "productPrice": {
      "value": 9.79,
      "unit": "€"
    },
    "productPricePerUnit": {
      "value": 13.05,
      "unit": "€/l"
    },
    "productPriceWithLoyaltyCard": null,
    "productPricePerUnitWithLoyaltyCard": null,
    "imageUrl": "https://cdn.barbora.lv/products/e209ebde-b62c-4555-b731-78b8ac5d63b0_s.png",
    "available": true,
    "discount": null
  },
  {
    "shop": "MAXIMA",
    "categories": [
      1,
      1001,
      1001003
    ],
    "productName": "Vīns BAREFOOT WHITE ZINF 8,5% 0,75L",
    "productPriceOld": null,
    "productPrice": {
      "value": 9.79,
      "unit": "€"
    },
    "productPricePerUnit": {
      "value": 13.05,
      "unit": "€/l"
    },
    "productPriceWithLoyaltyCard": null,
    "productPricePerUnitWithLoyaltyCard": null,
    "imageUrl": "https://cdn.barbora.lv/products/8a7b3992-878a-40da-be90-9ac5b0fe4f0e_s.png",
    "available": true,
    "discount": null
  },
  {
    "shop": "MAXIMA",
    "categories": [
      1,
      1001,
      1001003
    ],
    "productName": "Dzirkstošais vīns J.P.CHENET Medium Dry 12% 750ml",
    "productPriceOld": null,
    "productPrice": {
      "value": 9.79,
      "unit": "€"
    },
    "productPricePerUnit": {
      "value": 13.05,
      "unit": "€/l"
    },
    "productPriceWithLoyaltyCard": null,
    "productPricePerUnitWithLoyaltyCard": null,
    "imageUrl": "https://cdn.barbora.lv/products/ce587523-e3bb-48be-b381-f2a6641e86e8_s.png",
    "available": true,
    "discount": null
  },
  {
    "shop": "MAXIMA",
    "categories": [
      1,
      1001,
      1001003
    ],
    "productName": "Dzirkstošais vīns J.P.CHENET Sweet 10,5%750ml",
    "productPriceOld": null,
    "productPrice": {
      "value": 9.79,
      "unit": "€"
    },
    "productPricePerUnit": {
      "value": 13.05,
      "unit": "€/l"
    },
    "productPriceWithLoyaltyCard": null,
    "productPricePerUnitWithLoyaltyCard": null,
    "imageUrl": "https://cdn.barbora.lv/products/e3b5b513-9808-4389-b53e-8e32c18e944f_s.png",
    "available": true,
    "discount": null
  },
  {
    "shop": "MAXIMA",
    "categories": [
      1,
      1001,
      1001003
    ],
    "productName": "Vīns PAUL MAS SAUVIGNON BLANC 12,5% 0,75L",
    "productPriceOld": null,
    "productPrice": {
      "value": 9.79,
      "unit": "€"
    },
    "productPricePerUnit": {
      "value": 13.05,
      "unit": "€/l"
    },
    "productPriceWithLoyaltyCard": null,
    "productPricePerUnitWithLoyaltyCard": null,
    "imageUrl": "https://cdn.barbora.lv/products/bc79d560-7119-412d-b38a-da004d9be5a1_s.png",
    "available": true,
    "discount": null
  },
  {
    "shop": "MAXIMA",
    "categories": [
      1,
      1001,
      1001003
    ],
    "productName": "Vīns TBILVINO ALAZ.DOLINA SARK.11% 0,75l",
    "productPriceOld": null,
    "productPrice": {
      "value": 9.81,
      "unit": "€"
    },
    "productPricePerUnit": {
      "value": 13.08,
      "unit": "€/l"
    },
    "productPriceWithLoyaltyCard": null,
    "productPricePerUnitWithLoyaltyCard": null,
    "imageUrl": "https://cdn.barbora.lv/products/f778a2bc-c86b-4e0c-91b8-6dce3c040d05_s.png",
    "available": true,
    "discount": null
  },
  {
    "shop": "MAXIMA",
    "categories": [
      1,
      1001,
      1001003
    ],
    "productName": "Vīns ALAZANI VALLEY White 11% 0,75L",
    "productPriceOld": null,
    "productPrice": {
      "value": 9.81,
      "unit": "€"
    },
    "productPricePerUnit": {
      "value": 13.08,
      "unit": "€/l"
    },
    "productPriceWithLoyaltyCard": null,
    "productPricePerUnitWithLoyaltyCard": null,
    "imageUrl": "https://cdn.barbora.lv/products/d0b453fa-db15-4ca4-94b6-dfe2b3ab3cd3_s.png",
    "available": true,
    "discount": null
  },
  {
    "shop": "RIMI",
    "categories": [
      2,
      2008
    ],
    "productName": "Virtulis ar krēmīgā siera pild. atk. 68g",
    "productPriceOld": {
      "value": 0.99,
      "unit": "€"
    },
    "productPrice": {
      "value": 0.89,
      "unit": "€/gab"
    },
    "productPricePerUnit": {
      "value": 13.09,
      "unit": "€/kg"
    },
    "productPriceWithLoyaltyCard": null,
    "productPricePerUnitWithLoyaltyCard": null,
    "imageUrl": "https://rimibaltic-res.cloudinary.com/image/upload/d_ecommerce:backend-fallback.png/MAT_933593_PCE_LV",
    "available": true,
    "discount": 10
  },
  {
    "shop": "MAXIMA",
    "categories": [
      2,
      2005
    ],
    "productName": "Smalkmaizīte Biezpiena Copīte 45g",
    "productPriceOld": null,
    "productPrice": {
      "value": 0.59,
      "unit": "€"
    },
    "productPricePerUnit": {
      "value": 13.11,
      "unit": "€/kg"
    },
    "productPriceWithLoyaltyCard": null,
    "productPricePerUnitWithLoyaltyCard": null,
    "imageUrl": "https://cdn.barbora.lv/products/167e32e9-020b-4c1b-ac8d-cbd2250f8234_s.png",
    "available": true,
    "discount": null
  },
  {
    "shop": "MAXIMA",
    "categories": [
      2,
      20011
    ],
    "productName": "Smalkmaizīte KANĒĻA COPĪTE 45g",
    "productPriceOld": null,
    "productPrice": {
      "value": 0.59,
      "unit": "€"
    },
    "productPricePerUnit": {
      "value": 13.11,
      "unit": "€/kg"
    },
    "productPriceWithLoyaltyCard": null,
    "productPricePerUnitWithLoyaltyCard": null,
    "imageUrl": "https://cdn.barbora.lv/products/485f9017-30e4-4f9d-9bde-a2504851df52_s.png",
    "available": true,
    "discount": null
  },
  {
    "shop": "RIMI",
    "categories": [
      1,
      1001,
      1001003
    ],
    "productName": "B.v. Star of Africa Chenin Blanc 12,5% 0,75l",
    "productPriceOld": null,
    "productPrice": {
      "value": 9.85,
      "unit": "€/gab"
    },
    "productPricePerUnit": {
      "value": 13.13,
      "unit": "€/l"
    },
    "productPriceWithLoyaltyCard": null,
    "productPricePerUnitWithLoyaltyCard": null,
    "imageUrl": "https://rimibaltic-res.cloudinary.com/image/upload/d_ecommerce:backend-fallback.png/MAT_7220698_PCE_LV",
    "available": true,
    "discount": null
  },
  {
    "shop": "RIMI",
    "categories": [
      1,
      1001,
      1001003
    ],
    "productName": "S.v. Star of Africa Pinotage 13% 0,75l",
    "productPriceOld": null,
    "productPrice": {
      "value": 9.85,
      "unit": "€/gab"
    },
    "productPricePerUnit": {
      "value": 13.13,
      "unit": "€/l"
    },
    "productPriceWithLoyaltyCard": null,
    "productPricePerUnitWithLoyaltyCard": null,
    "imageUrl": "https://rimibaltic-res.cloudinary.com/image/upload/d_ecommerce:backend-fallback.png/MAT_7220699_PCE_LV",
    "available": true,
    "discount": null
  },
  {
    "shop": "RIMI",
    "categories": [
      1,
      1001,
      1001003
    ],
    "productName": "R.v. Maison Star of Africa 12,5% 0,75l",
    "productPriceOld": null,
    "productPrice": {
      "value": 9.85,
      "unit": "€/gab"
    },
    "productPricePerUnit": {
      "value": 13.13,
      "unit": "€/l"
    },
    "productPriceWithLoyaltyCard": null,
    "productPricePerUnitWithLoyaltyCard": null,
    "imageUrl": "https://rimibaltic-res.cloudinary.com/image/upload/d_ecommerce:backend-fallback.png/MAT_7220706_PCE_LV",
    "available": true,
    "discount": null
  },
  {
    "shop": "MAXIMA",
    "categories": [
      1,
      1001,
      1001003
    ],
    "productName": "Vīns TORRES S.VALENTIN TINTO 14% 0,75L",
    "productPriceOld": null,
    "productPrice": {
      "value": 9.89,
      "unit": "€"
    },
    "productPricePerUnit": {
      "value": 13.19,
      "unit": "€/l"
    },
    "productPriceWithLoyaltyCard": null,
    "productPricePerUnitWithLoyaltyCard": null,
    "imageUrl": "https://cdn.barbora.lv/products/fe339831-6290-4579-a9b5-31f95549d576_s.png",
    "available": true,
    "discount": null
  },
  {
    "shop": "MAXIMA",
    "categories": [
      1,
      1001,
      1001003
    ],
    "productName": "Vīns TORRES S.VALENTIN BLANCO 10,5%0,75L",
    "productPriceOld": null,
    "productPrice": {
      "value": 9.89,
      "unit": "€"
    },
    "productPricePerUnit": {
      "value": 13.19,
      "unit": "€/l"
    },
    "productPriceWithLoyaltyCard": null,
    "productPricePerUnitWithLoyaltyCard": null,
    "imageUrl": "https://cdn.barbora.lv/products/5cc417e1-7823-42ed-9b46-b9b38efeee7d_s.png",
    "available": true,
    "discount": null
  },
  {
    "shop": "RIMI",
    "categories": [
      1,
      1001,
      10010013
    ],
    "productName": "Liķieris Retro Pina Colada 14% 0,7l",
    "productPriceOld": null,
    "productPrice": {
      "value": 9.25,
      "unit": "€/gab"
    },
    "productPricePerUnit": {
      "value": 13.21,
      "unit": "€/l"
    },
    "productPriceWithLoyaltyCard": null,
    "productPricePerUnitWithLoyaltyCard": null,
    "imageUrl": "https://rimibaltic-res.cloudinary.com/image/upload/d_ecommerce:backend-fallback.png/MAT_7298311_PCE_LV",
    "available": true,
    "discount": null
  },
  {
    "shop": "RIMI",
    "categories": [
      2,
      2001,
      2001004
    ],
    "productName": "Rudzu sausmaizītes 155g",
    "productPriceOld": null,
    "productPrice": {
      "value": 2.05,
      "unit": "€/gab"
    },
    "productPricePerUnit": {
      "value": 13.23,
      "unit": "€/kg"
    },
    "productPriceWithLoyaltyCard": null,
    "productPricePerUnitWithLoyaltyCard": null,
    "imageUrl": "https://rimibaltic-res.cloudinary.com/image/upload/d_ecommerce:backend-fallback.png/MAT_280465_PCE_LV",
    "available": true,
    "discount": null
  },
  {
    "shop": "MAXIMA",
    "categories": [
      2,
      2001,
      2001004
    ],
    "productName": "Sausmaizītes rudzu Mario 155g",
    "productPriceOld": null,
    "productPrice": {
      "value": 2.05,
      "unit": "€"
    },
    "productPricePerUnit": {
      "value": 13.23,
      "unit": "€/kg"
    },
    "productPriceWithLoyaltyCard": null,
    "productPricePerUnitWithLoyaltyCard": null,
    "imageUrl": "https://cdn.barbora.lv/products/916ef2da-1d11-43c9-b147-ea7360b3d67f_s.png",
    "available": true,
    "discount": null
  },
  {
    "shop": "MAXIMA",
    "categories": [
      1,
      1001,
      1001003
    ],
    "productName": "Dzirkstošais vīns MIONETTO PROSECCO DRY 11% 0,75L",
    "productPriceOld": null,
    "productPrice": {
      "value": 9.93,
      "unit": "€"
    },
    "productPricePerUnit": {
      "value": 13.24,
      "unit": "€/l"
    },
    "productPriceWithLoyaltyCard": null,
    "productPricePerUnitWithLoyaltyCard": null,
    "imageUrl": "https://cdn.barbora.lv/products/86be60c1-1162-4896-b972-5cfc1160d562_s.png",
    "available": true,
    "discount": null
  },
  {
    "shop": "MAXIMA",
    "categories": [
      1,
      1002,
      10010020
    ],
    "productName": "Smūtijs TYMBARK ābolu-banānu-mang.0,12kg",
    "productPriceOld": null,
    "productPrice": {
      "value": 1.59,
      "unit": "€"
    },
    "productPricePerUnit": {
      "value": 13.25,
      "unit": "€/kg"
    },
    "productPriceWithLoyaltyCard": null,
    "productPricePerUnitWithLoyaltyCard": null,
    "imageUrl": "https://cdn.barbora.lv/products/15c4ff98-f984-4695-b59f-46cfc6d49ac5_s.png",
    "available": true,
    "discount": null
  },
  {
    "shop": "MAXIMA",
    "categories": [
      1,
      1002,
      10010020
    ],
    "productName": "Smūtijs TYMBARK āb.apels.ban.mar.0,12kg",
    "productPriceOld": null,
    "productPrice": {
      "value": 1.59,
      "unit": "€"
    },
    "productPricePerUnit": {
      "value": 13.25,
      "unit": "€/kg"
    },
    "productPriceWithLoyaltyCard": null,
    "productPricePerUnitWithLoyaltyCard": null,
    "imageUrl": "https://cdn.barbora.lv/products/682cf66c-b2fb-438c-9882-805ee56b8139_s.png",
    "available": true,
    "discount": null
  },
  {
    "shop": "RIMI",
    "categories": [
      2,
      2001,
      20010015
    ],
    "productName": "Grauzdiņi piknika ar kaltētiem tomātiem 150g",
    "productPriceOld": null,
    "productPrice": {
      "value": 1.99,
      "unit": "€/gab"
    },
    "productPricePerUnit": {
      "value": 13.27,
      "unit": "€/kg"
    },
    "productPriceWithLoyaltyCard": null,
    "productPricePerUnitWithLoyaltyCard": null,
    "imageUrl": "https://rimibaltic-res.cloudinary.com/image/upload/d_ecommerce:backend-fallback.png/MAT_918170_PCE_LV",
    "available": true,
    "discount": null
  },
  {
    "shop": "RIMI",
    "categories": [
      1,
      1001,
      1001003
    ],
    "productName": "Rozā vīns Teliani Valley Saperavi 12,5% 0,75l",
    "productPriceOld": null,
    "productPrice": {
      "value": 9.95,
      "unit": "€/gab"
    },
    "productPricePerUnit": {
      "value": 13.27,
      "unit": "€/l"
    },
    "productPriceWithLoyaltyCard": null,
    "productPricePerUnitWithLoyaltyCard": null,
    "imageUrl": "https://rimibaltic-res.cloudinary.com/image/upload/d_ecommerce:backend-fallback.png/MAT_7250667_PCE_LV",
    "available": true,
    "discount": null
  },
  {
    "shop": "RIMI",
    "categories": [
      2,
      2005
    ],
    "productName": "Kūciņas Minitosca 240g",
    "productPriceOld": null,
    "productPrice": {
      "value": 3.19,
      "unit": "€/gab"
    },
    "productPricePerUnit": {
      "value": 13.29,
      "unit": "€/kg"
    },
    "productPriceWithLoyaltyCard": null,
    "productPricePerUnitWithLoyaltyCard": null,
    "imageUrl": "https://rimibaltic-res.cloudinary.com/image/upload/d_ecommerce:backend-fallback.png/MAT_903060_PCE_LV",
    "available": true,
    "discount": null
  },
  {
    "shop": "MAXIMA",
    "categories": [
      1,
      1001,
      10010019
    ],
    "productName": "Alk.dz.LUXARDO Aperitivo Spritz 11% 1L",
    "productPriceOld": null,
    "productPrice": {
      "value": 13.29,
      "unit": "€"
    },
    "productPricePerUnit": {
      "value": 13.29,
      "unit": "€/l"
    },
    "productPriceWithLoyaltyCard": null,
    "productPricePerUnitWithLoyaltyCard": null,
    "imageUrl": "https://cdn.barbora.lv/products/d73e2c37-dd47-4ece-8e1b-4be8c4463d53_s.png",
    "available": true,
    "discount": null
  },
  {
    "shop": "MAXIMA",
    "productName": "Nūjiņa ar spinātiem un sieru 82g",
    "productPriceOld": null,
    "productPrice": {
      "value": 1.09,
      "unit": "€"
    },
    "productPricePerUnit": {
      "value": 13.29,
      "unit": "€/kg"
    },
    "productPriceWithLoyaltyCard": null,
    "productPricePerUnitWithLoyaltyCard": null,
    "imageUrl": "https://cdn.barbora.lv/products/cf2d589d-b03e-4ce2-bcfb-5767fb546110_s.png",
    "available": true,
    "discount": null,
    "categories": [
      2,
      2001,
      20010015
    ]
  },
  {
    "shop": "RIMI",
    "categories": [
      1,
      1001,
      1001001
    ],
    "productName": "Alus La Chouffe 8% 0,33l",
    "productPriceOld": null,
    "productPrice": {
      "value": 4.39,
      "unit": "€/gab"
    },
    "productPricePerUnit": {
      "value": 13.3,
      "unit": "€/l"
    },
    "productPriceWithLoyaltyCard": null,
    "productPricePerUnitWithLoyaltyCard": null,
    "imageUrl": "https://rimibaltic-res.cloudinary.com/image/upload/d_ecommerce:backend-fallback.png/MAT_1361123_PCE_LV",
    "available": true,
    "discount": null
  },
  {
    "shop": "RIMI",
    "categories": [
      1,
      1001,
      1001001
    ],
    "productName": "Alus La Chouffe 8% 0,33l",
    "productPriceOld": null,
    "productPrice": {
      "value": 4.39,
      "unit": "€/gab"
    },
    "productPricePerUnit": {
      "value": 13.3,
      "unit": "€/l"
    },
    "productPriceWithLoyaltyCard": null,
    "productPricePerUnitWithLoyaltyCard": null,
    "imageUrl": "https://rimibaltic-res.cloudinary.com/image/upload/d_ecommerce:backend-fallback.png/MAT_1361123_PCE_LV",
    "available": true,
    "discount": null
  },
  {
    "shop": "CITRO",
    "categories": [
      1,
      1001,
      10010019
    ],
    "productName": "ST.ALK.DZ. HEKTORS 32% 0.5L",
    "productPriceOld": null,
    "productPrice": null,
    "productPricePerUnit": {
      "value": 13.3,
      "unit": "€/L"
    },
    "productPriceWithLoyaltyCard": null,
    "productPricePerUnitWithLoyaltyCard": null,
    "imageUrl": "https://rezekne.citro.lv/wp-content/uploads/2021/02/4750021531224-300x300.jpg",
    "available": true,
    "discount": null
  },
  {
    "shop": "RIMI",
    "categories": [
      1,
      1001,
      1001003
    ],
    "productName": "Dzirk. vīns Blason Rouge Cremant 12,5% 0,75l",
    "productPriceOld": null,
    "productPrice": {
      "value": 17.19,
      "unit": "€/gab"
    },
    "productPricePerUnit": {
      "value": 22.92,
      "unit": "€/l"
    },
    "productPriceWithLoyaltyCard": {
      "value": 9.99,
      "unit": "€"
    },
    "productPricePerUnitWithLoyaltyCard": {
      "value": 13.32,
      "unit": "€/l"
    },
    "imageUrl": "https://rimibaltic-res.cloudinary.com/image/upload/d_ecommerce:backend-fallback.png/MAT_7283331_PCE_LV",
    "available": true,
    "discount": 42
  },
  {
    "shop": "RIMI",
    "categories": [
      1,
      1001,
      1001003
    ],
    "productName": "S.v. Monte Zovo Valpolicella 13,5% 0,75l",
    "productPriceOld": null,
    "productPrice": {
      "value": 16.25,
      "unit": "€/gab"
    },
    "productPricePerUnit": {
      "value": 21.67,
      "unit": "€/l"
    },
    "productPriceWithLoyaltyCard": {
      "value": 9.99,
      "unit": "€"
    },
    "productPricePerUnitWithLoyaltyCard": {
      "value": 13.32,
      "unit": "€/l"
    },
    "imageUrl": "https://rimibaltic-res.cloudinary.com/image/upload/d_ecommerce:backend-fallback.png/MAT_7106085_PCE_LV",
    "available": true,
    "discount": 39
  },
  {
    "shop": "RIMI",
    "categories": [
      1,
      1001,
      1001003
    ],
    "productName": "S.v. Monte Zovo Ripasso Sup 13,5% 0,75l",
    "productPriceOld": null,
    "productPrice": {
      "value": 17.09,
      "unit": "€/gab"
    },
    "productPricePerUnit": {
      "value": 22.79,
      "unit": "€/l"
    },
    "productPriceWithLoyaltyCard": {
      "value": 9.99,
      "unit": "€"
    },
    "productPricePerUnitWithLoyaltyCard": {
      "value": 13.32,
      "unit": "€/l"
    },
    "imageUrl": "https://rimibaltic-res.cloudinary.com/image/upload/d_ecommerce:backend-fallback.png/MAT_7109623_PCE_LV",
    "available": true,
    "discount": 42
  },
  {
    "shop": "RIMI",
    "categories": [
      1,
      1001,
      1001003
    ],
    "productName": "S.v.Zonin Ripasso Valpolicella 14%0,75l",
    "productPriceOld": null,
    "productPrice": {
      "value": 15.19,
      "unit": "€/gab"
    },
    "productPricePerUnit": {
      "value": 20.25,
      "unit": "€/l"
    },
    "productPriceWithLoyaltyCard": {
      "value": 9.99,
      "unit": "€"
    },
    "productPricePerUnitWithLoyaltyCard": {
      "value": 13.32,
      "unit": "€/l"
    },
    "imageUrl": "https://rimibaltic-res.cloudinary.com/image/upload/d_ecommerce:backend-fallback.png/MAT_152908_PCE_LV",
    "available": true,
    "discount": 34
  },
  {
    "shop": "RIMI",
    "categories": [
      1,
      1001,
      1001003
    ],
    "productName": "R.v. La Jaglerie d'Anjou pussauss 10,5% 0,75l",
    "productPriceOld": null,
    "productPrice": {
      "value": 9.99,
      "unit": "€/gab"
    },
    "productPricePerUnit": {
      "value": 13.32,
      "unit": "€/l"
    },
    "productPriceWithLoyaltyCard": null,
    "productPricePerUnitWithLoyaltyCard": null,
    "imageUrl": "https://rimibaltic-res.cloudinary.com/image/upload/d_ecommerce:backend-fallback.png/MAT_7299363_PCE_LV",
    "available": true,
    "discount": null
  },
  {
    "shop": "RIMI",
    "categories": [
      1,
      1001,
      1001003
    ],
    "productName": "S.v. Umano Saperavi Qvevri, saus. 13% 0,75l",
    "productPriceOld": null,
    "productPrice": {
      "value": 13.79,
      "unit": "€/gab"
    },
    "productPricePerUnit": {
      "value": 18.39,
      "unit": "€/l"
    },
    "productPriceWithLoyaltyCard": {
      "value": 9.99,
      "unit": "€"
    },
    "productPricePerUnitWithLoyaltyCard": {
      "value": 13.32,
      "unit": "€/l"
    },
    "imageUrl": "https://rimibaltic-res.cloudinary.com/image/upload/d_ecommerce:backend-fallback.png/MAT_7288003_PCE_LV",
    "available": true,
    "discount": 28
  },
  {
    "shop": "RIMI",
    "categories": [
      1,
      1001,
      1001003
    ],
    "productName": "S.v. Zonin Primitivo Di Manduria 14,5% 0.75l",
    "productPriceOld": null,
    "productPrice": {
      "value": 18.69,
      "unit": "€/gab"
    },
    "productPricePerUnit": {
      "value": 24.92,
      "unit": "€/l"
    },
    "productPriceWithLoyaltyCard": {
      "value": 9.99,
      "unit": "€"
    },
    "productPricePerUnitWithLoyaltyCard": {
      "value": 13.32,
      "unit": "€/l"
    },
    "imageUrl": "https://rimibaltic-res.cloudinary.com/image/upload/d_ecommerce:backend-fallback.png/MAT_7289991_PCE_LV",
    "available": true,
    "discount": 47
  },
  {
    "shop": "RIMI",
    "categories": [
      1,
      1001,
      1001003
    ],
    "productName": "B.v. Cote Des Roses Sauvignon Blanc 12% 0,75l",
    "productPriceOld": null,
    "productPrice": {
      "value": 15.99,
      "unit": "€/gab"
    },
    "productPricePerUnit": {
      "value": 21.32,
      "unit": "€/l"
    },
    "productPriceWithLoyaltyCard": {
      "value": 9.99,
      "unit": "€"
    },
    "productPricePerUnitWithLoyaltyCard": {
      "value": 13.32,
      "unit": "€/l"
    },
    "imageUrl": "https://rimibaltic-res.cloudinary.com/image/upload/d_ecommerce:backend-fallback.png/MAT_7258358_PCE_LV",
    "available": true,
    "discount": 38
  },
  {
    "shop": "RIMI",
    "categories": [
      1,
      1001,
      1001003
    ],
    "productName": "S.v. Matilda Nieves Mencia 13% 0,75l, sauss",
    "productPriceOld": null,
    "productPrice": {
      "value": 14.49,
      "unit": "€/gab"
    },
    "productPricePerUnit": {
      "value": 19.32,
      "unit": "€/l"
    },
    "productPriceWithLoyaltyCard": {
      "value": 9.99,
      "unit": "€"
    },
    "productPricePerUnitWithLoyaltyCard": {
      "value": 13.32,
      "unit": "€/l"
    },
    "imageUrl": "https://rimibaltic-res.cloudinary.com/image/upload/d_ecommerce:backend-fallback.png/MAT_7277392_PCE_LV",
    "available": true,
    "discount": 31
  },
  {
    "shop": "RIMI",
    "categories": [
      1,
      1001,
      1001005
    ],
    "productName": "Alk. kokt. Italian Spritz Original 11% 0,75l",
    "productPriceOld": null,
    "productPrice": {
      "value": 9.99,
      "unit": "€/gab"
    },
    "productPricePerUnit": {
      "value": 13.32,
      "unit": "€/l"
    },
    "productPriceWithLoyaltyCard": null,
    "productPricePerUnitWithLoyaltyCard": null,
    "imageUrl": "https://rimibaltic-res.cloudinary.com/image/upload/d_ecommerce:backend-fallback.png/MAT_7296413_PCE_LV",
    "available": true,
    "discount": null
  },
  {
    "shop": "RIMI",
    "categories": [
      1,
      1001,
      1001005
    ],
    "productName": "Alk. kokt. Italian Spritz Limone 11% 0,75l",
    "productPriceOld": null,
    "productPrice": {
      "value": 9.99,
      "unit": "€/gab"
    },
    "productPricePerUnit": {
      "value": 13.32,
      "unit": "€/l"
    },
    "productPriceWithLoyaltyCard": null,
    "productPricePerUnitWithLoyaltyCard": null,
    "imageUrl": "https://rimibaltic-res.cloudinary.com/image/upload/d_ecommerce:backend-fallback.png/MAT_7296504_PCE_LV",
    "available": true,
    "discount": null
  },
  {
    "shop": "MAXIMA",
    "categories": [
      1,
      1003,
      1003004
    ],
    "productName": "B/a dz.vīna dzēr.LYRE'S Classico 0,75L D",
    "productPriceOld": null,
    "productPrice": {
      "value": 9.99,
      "unit": "€"
    },
    "productPricePerUnit": {
      "value": 13.32,
      "unit": "€/l"
    },
    "productPriceWithLoyaltyCard": null,
    "productPricePerUnitWithLoyaltyCard": null,
    "imageUrl": "https://cdn.barbora.lv/products/548e1e34-95b5-45b9-b2e2-8e364bb8446a_s.png",
    "available": true,
    "discount": null
  },
  {
    "shop": "MAXIMA",
    "categories": [
      1,
      1003,
      1003003
    ],
    "productName": "Bezalkoholiskais dzirkstošais vīns MASCHIO Cantine 0,75L D",
    "productPriceOld": null,
    "productPrice": {
      "value": 9.99,
      "unit": "€"
    },
    "productPricePerUnit": {
      "value": 13.32,
      "unit": "€/l"
    },
    "productPriceWithLoyaltyCard": null,
    "productPricePerUnitWithLoyaltyCard": null,
    "imageUrl": "https://cdn.barbora.lv/products/2c1c3dbf-3c2b-4311-87de-e25ba86bad5a_s.png",
    "available": true,
    "discount": null
  },
  {
    "shop": "MAXIMA",
    "categories": [
      1,
      1001,
      1001003
    ],
    "productName": "Dzirkst.vīns NUA PROSECCO 11% 0,75L",
    "productPriceOld": null,
    "productPrice": {
      "value": 9.99,
      "unit": "€"
    },
    "productPricePerUnit": {
      "value": 13.32,
      "unit": "€/l"
    },
    "productPriceWithLoyaltyCard": null,
    "productPricePerUnitWithLoyaltyCard": null,
    "imageUrl": "https://cdn.barbora.lv/products/bd9d1b8d-e390-4527-820b-2781e1dbe0c4_s.png",
    "available": true,
    "discount": null
  },
  {
    "shop": "MAXIMA",
    "categories": [
      1,
      1001,
      1001003
    ],
    "productName": "Vīns B&G Bordeaux Chardonnay 13% 0,75L",
    "productPriceOld": null,
    "productPrice": {
      "value": 9.99,
      "unit": "€"
    },
    "productPricePerUnit": {
      "value": 13.32,
      "unit": "€/l"
    },
    "productPriceWithLoyaltyCard": null,
    "productPricePerUnitWithLoyaltyCard": null,
    "imageUrl": "https://cdn.barbora.lv/products/997ca92e-e8a2-4542-9d04-02f060e73434_s.png",
    "available": true,
    "discount": null
  },
  {
    "shop": "MAXIMA",
    "categories": [
      1,
      1001,
      1001003
    ],
    "productName": "Vīns MATSU EL PICARO 14,5% 0,75L",
    "productPriceOld": {
      "value": 12.57,
      "unit": "€"
    },
    "productPrice": {
      "value": 12.57,
      "unit": "€"
    },
    "productPricePerUnit": {
      "value": 16.76,
      "unit": "€/l"
    },
    "productPriceWithLoyaltyCard": {
      "value": 9.99,
      "unit": "€"
    },
    "productPricePerUnitWithLoyaltyCard": {
      "value": 13.32,
      "unit": "€/l"
    },
    "imageUrl": "https://cdn.barbora.lv/products/2e5975b3-16e7-4253-b330-725aba431350_s.png",
    "available": true,
    "discount": 21
  },
  {
    "shop": "MAXIMA",
    "categories": [
      1,
      1001,
      1001003
    ],
    "productName": "Vīns TOMMASI VALPOLICELLA 12% 0,75L",
    "productPriceOld": {
      "value": 15.65,
      "unit": "€"
    },
    "productPrice": {
      "value": 15.65,
      "unit": "€"
    },
    "productPricePerUnit": {
      "value": 20.87,
      "unit": "€/l"
    },
    "productPriceWithLoyaltyCard": {
      "value": 9.99,
      "unit": "€"
    },
    "productPricePerUnitWithLoyaltyCard": {
      "value": 13.32,
      "unit": "€/l"
    },
    "imageUrl": "https://cdn.barbora.lv/products/3f72d4b4-51ab-4b19-804e-fcc2f4a6d36c_s.png",
    "available": true,
    "discount": 36
  },
  {
    "shop": "MAXIMA",
    "categories": [
      1,
      1001,
      1001003
    ],
    "productName": "Dzirk.vīns NEIRANO PROS. DOC 11,5% 0,75L",
    "productPriceOld": null,
    "productPrice": {
      "value": 9.99,
      "unit": "€"
    },
    "productPricePerUnit": {
      "value": 13.32,
      "unit": "€/l"
    },
    "productPriceWithLoyaltyCard": null,
    "productPricePerUnitWithLoyaltyCard": null,
    "imageUrl": "https://cdn.barbora.lv/products/0996b0fc-f1fc-4ca4-b566-5b78a440da40_s.png",
    "available": true,
    "discount": null
  },
  {
    "shop": "MAXIMA",
    "categories": [
      1,
      1001,
      1001003
    ],
    "productName": "Vīns B&G Cuvee Rouge 12% 0,75L",
    "productPriceOld": null,
    "productPrice": {
      "value": 9.99,
      "unit": "€"
    },
    "productPricePerUnit": {
      "value": 13.32,
      "unit": "€/l"
    },
    "productPriceWithLoyaltyCard": null,
    "productPricePerUnitWithLoyaltyCard": null,
    "imageUrl": "https://cdn.barbora.lv/products/b348f43b-a7e2-4bef-b78b-9b885fad3faa_s.png",
    "available": true,
    "discount": null
  },
  {
    "shop": "MAXIMA",
    "categories": [
      1,
      1001,
      1001003
    ],
    "productName": "Vīns ABAVAS Aroniju pussausais 11% 0,75L",
    "productPriceOld": null,
    "productPrice": {
      "value": 9.99,
      "unit": "€"
    },
    "productPricePerUnit": {
      "value": 13.32,
      "unit": "€/l"
    },
    "productPriceWithLoyaltyCard": null,
    "productPricePerUnitWithLoyaltyCard": null,
    "imageUrl": "https://cdn.barbora.lv/products/ead3adeb-af3d-4c84-88eb-7494e67682d8_s.png",
    "available": true,
    "discount": null
  },
  {
    "shop": "MAXIMA",
    "categories": [
      1,
      1001,
      1001003
    ],
    "productName": "Vīns B&G Sauvignon Blanc 12% 0,75L",
    "productPriceOld": null,
    "productPrice": {
      "value": 9.99,
      "unit": "€"
    },
    "productPricePerUnit": {
      "value": 13.32,
      "unit": "€/l"
    },
    "productPriceWithLoyaltyCard": null,
    "productPricePerUnitWithLoyaltyCard": null,
    "imageUrl": "https://cdn.barbora.lv/products/a25086a6-5e10-47f6-83a0-ed6a1a336193_s.png",
    "available": true,
    "discount": null
  },
  {
    "shop": "MAXIMA",
    "categories": [
      1,
      1001,
      1001003
    ],
    "productName": "Vīns B&G Cuvee Blanc 12% 0,75L",
    "productPriceOld": null,
    "productPrice": {
      "value": 9.99,
      "unit": "€"
    },
    "productPricePerUnit": {
      "value": 13.32,
      "unit": "€/l"
    },
    "productPriceWithLoyaltyCard": null,
    "productPricePerUnitWithLoyaltyCard": null,
    "imageUrl": "https://cdn.barbora.lv/products/e3e08f6d-1858-4e97-b88b-10256cff595f_s.png",
    "available": true,
    "discount": null
  },
  {
    "shop": "MAXIMA",
    "categories": [
      1,
      1001,
      1001003
    ],
    "productName": "Dzirkst.vīns NEIRANO ASTI 7,5% 0,75L",
    "productPriceOld": null,
    "productPrice": {
      "value": 9.99,
      "unit": "€"
    },
    "productPricePerUnit": {
      "value": 13.32,
      "unit": "€/l"
    },
    "productPriceWithLoyaltyCard": null,
    "productPricePerUnitWithLoyaltyCard": null,
    "imageUrl": "https://cdn.barbora.lv/products/b50ce563-5be4-42e9-aa24-318fdd6a3731_s.png",
    "available": true,
    "discount": null
  },
  {
    "shop": "MAXIMA",
    "categories": [
      1,
      1001,
      1001003
    ],
    "productName": "Deserta vīns VORUTA 9% 0,75L",
    "productPriceOld": null,
    "productPrice": {
      "value": 9.99,
      "unit": "€"
    },
    "productPricePerUnit": {
      "value": 13.32,
      "unit": "€/l"
    },
    "productPriceWithLoyaltyCard": null,
    "productPricePerUnitWithLoyaltyCard": null,
    "imageUrl": "https://cdn.barbora.lv/products/29dcaab3-65a8-4a4c-ae9e-8097f929fbf4_s.png",
    "available": true,
    "discount": null
  },
  {
    "shop": "MAXIMA",
    "categories": [
      1,
      1001,
      1001003
    ],
    "productName": "Vīns NANATI Alazani Valley Wh. 11% 0,75L",
    "productPriceOld": null,
    "productPrice": {
      "value": 9.99,
      "unit": "€"
    },
    "productPricePerUnit": {
      "value": 13.32,
      "unit": "€/l"
    },
    "productPriceWithLoyaltyCard": null,
    "productPricePerUnitWithLoyaltyCard": null,
    "imageUrl": "https://cdn.barbora.lv/products/ae60c9e9-1385-40ce-ad3a-2f13e818f611_s.png",
    "available": true,
    "discount": null
  },
  {
    "shop": "CITRO",
    "categories": [
      1,
      1001,
      1001003
    ],
    "productName": "VĪNS B. MONTALTO COL.FORM.APPAS.BIANCO 12.5% 0.75L",
    "productPriceOld": null,
    "productPrice": null,
    "productPricePerUnit": {
      "value": 13.32,
      "unit": "€/L"
    },
    "productPriceWithLoyaltyCard": null,
    "productPricePerUnitWithLoyaltyCard": null,
    "imageUrl": "https://rezekne.citro.lv/wp-content/uploads/2021/01/8030423003816-300x300.jpg",
    "available": true,
    "discount": null
  },
  {
    "shop": "CITRO",
    "categories": [
      1,
      1001,
      1001003
    ],
    "productName": "VĪNS S. MONTALTO NERO D AVOLA APPASS. 14% 0.75L",
    "productPriceOld": null,
    "productPrice": null,
    "productPricePerUnit": {
      "value": 13.32,
      "unit": "€/L"
    },
    "productPriceWithLoyaltyCard": null,
    "productPricePerUnitWithLoyaltyCard": null,
    "imageUrl": "https://rezekne.citro.lv/wp-content/uploads/2021/01/8030423003212-300x300.jpg",
    "available": true,
    "discount": null
  },
  {
    "shop": "CITRO",
    "categories": [
      1,
      1001,
      1001003
    ],
    "productName": "VĪNS R. CALVET ROSE DANJOU AOC 11% 0.75L",
    "productPriceOld": null,
    "productPrice": null,
    "productPricePerUnit": {
      "value": 13.32,
      "unit": "€/L"
    },
    "productPriceWithLoyaltyCard": null,
    "productPricePerUnitWithLoyaltyCard": null,
    "imageUrl": "https://rezekne.citro.lv/wp-content/uploads/2023/01/3159560595000-arFonu-300x300.jpg",
    "available": true,
    "discount": null
  },
  {
    "shop": "CITRO",
    "categories": [
      1,
      1001,
      1001003
    ],
    "productName": "VĪNS S. FREIXENET CHIANTI DOGG 12.5% 0.75L",
    "productPriceOld": null,
    "productPrice": null,
    "productPricePerUnit": {
      "value": 13.32,
      "unit": "€/L"
    },
    "productPriceWithLoyaltyCard": null,
    "productPricePerUnitWithLoyaltyCard": null,
    "imageUrl": "https://rezekne.citro.lv/wp-content/uploads/2025/01/8410036808419-300x300.jpg",
    "available": true,
    "discount": null
  },
  {
    "shop": "MAXIMA",
    "categories": [
      1,
      1001,
      1001003
    ],
    "productName": "Vīns EXPERT CLUB BORDEAUX RED 12% 0,75L",
    "productPriceOld": null,
    "productPrice": {
      "value": 10.02,
      "unit": "€"
    },
    "productPricePerUnit": {
      "value": 13.36,
      "unit": "€/l"
    },
    "productPriceWithLoyaltyCard": null,
    "productPricePerUnitWithLoyaltyCard": null,
    "imageUrl": "https://cdn.barbora.lv/products/971e2c05-1e80-427d-8211-7fcb2d2965b0_s.png",
    "available": true,
    "discount": null
  },
  {
    "shop": "MAXIMA",
    "categories": [
      1,
      1001,
      1001003
    ],
    "productName": "Vīns HRONIKA VINODELA PASTORAL 16% 1L",
    "productPriceOld": null,
    "productPrice": {
      "value": 13.39,
      "unit": "€"
    },
    "productPricePerUnit": {
      "value": 13.39,
      "unit": "€/l"
    },
    "productPriceWithLoyaltyCard": null,
    "productPricePerUnitWithLoyaltyCard": null,
    "imageUrl": "https://cdn.barbora.lv/products/23a2038a-df44-4cb3-a6cf-590a062e747e_s.png",
    "available": true,
    "discount": null
  },
  {
    "shop": "RIMI",
    "categories": [
      1,
      1002,
      10010025
    ],
    "productName": "Sīrups Pūre kafijai karameļu 350ml",
    "productPriceOld": null,
    "productPrice": {
      "value": 4.69,
      "unit": "€/gab"
    },
    "productPricePerUnit": {
      "value": 13.4,
      "unit": "€/l"
    },
    "productPriceWithLoyaltyCard": null,
    "productPricePerUnitWithLoyaltyCard": null,
    "imageUrl": "https://rimibaltic-res.cloudinary.com/image/upload/d_ecommerce:backend-fallback.png/MAT_161114_PCE_LV",
    "available": true,
    "discount": null
  },
  {
    "shop": "RIMI",
    "categories": [
      1,
      1002,
      10010025
    ],
    "productName": "Sīrups Pūre kafijai lazdu riekstu 350ml",
    "productPriceOld": null,
    "productPrice": {
      "value": 4.69,
      "unit": "€/gab"
    },
    "productPricePerUnit": {
      "value": 13.4,
      "unit": "€/l"
    },
    "productPriceWithLoyaltyCard": null,
    "productPricePerUnitWithLoyaltyCard": null,
    "imageUrl": "https://rimibaltic-res.cloudinary.com/image/upload/d_ecommerce:backend-fallback.png/MAT_1354275_PCE_LV",
    "available": true,
    "discount": null
  },
  {
    "shop": "RIMI",
    "categories": [
      1,
      1001,
      1001003
    ],
    "productName": "B.v. Casal Garcia Verde 9,5% 0,75l",
    "productPriceOld": null,
    "productPrice": {
      "value": 10.05,
      "unit": "€/gab"
    },
    "productPricePerUnit": {
      "value": 13.4,
      "unit": "€/l"
    },
    "productPriceWithLoyaltyCard": null,
    "productPricePerUnitWithLoyaltyCard": null,
    "imageUrl": "https://rimibaltic-res.cloudinary.com/image/upload/d_ecommerce:backend-fallback.png/MAT_679763_PCE_LV",
    "available": true,
    "discount": null
  },
  {
    "shop": "RIMI",
    "categories": [
      1,
      1001,
      1001003
    ],
    "productName": "R.v.Casal Garcia Vinho Verde 10,5% 0,75l",
    "productPriceOld": null,
    "productPrice": {
      "value": 10.05,
      "unit": "€/gab"
    },
    "productPricePerUnit": {
      "value": 13.4,
      "unit": "€/l"
    },
    "productPriceWithLoyaltyCard": null,
    "productPricePerUnitWithLoyaltyCard": null,
    "imageUrl": "https://rimibaltic-res.cloudinary.com/image/upload/d_ecommerce:backend-fallback.png/MAT_796556_PCE_LV",
    "available": true,
    "discount": null
  },
  {
    "shop": "RIMI",
    "categories": [
      1,
      1001,
      1001003
    ],
    "productName": "S.v. Casal Garcia Red 13,5% 0,75l",
    "productPriceOld": null,
    "productPrice": {
      "value": 10.05,
      "unit": "€/gab"
    },
    "productPricePerUnit": {
      "value": 13.4,
      "unit": "€/l"
    },
    "productPriceWithLoyaltyCard": null,
    "productPricePerUnitWithLoyaltyCard": null,
    "imageUrl": "https://rimibaltic-res.cloudinary.com/image/upload/d_ecommerce:backend-fallback.png/MAT_7086508_PCE_LV",
    "available": true,
    "discount": null
  },
  {
    "shop": "MAXIMA",
    "categories": [
      1,
      1001,
      1001003
    ],
    "productName": "Vīns CASAL GARCIA VINO VERDE 9,5% 0,75L",
    "productPriceOld": null,
    "productPrice": {
      "value": 10.05,
      "unit": "€"
    },
    "productPricePerUnit": {
      "value": 13.4,
      "unit": "€/l"
    },
    "productPriceWithLoyaltyCard": null,
    "productPricePerUnitWithLoyaltyCard": null,
    "imageUrl": "https://cdn.barbora.lv/products/9b4cfef2-2bb9-4f7c-a628-75215bbedca6_s.png",
    "available": true,
    "discount": null
  },
  {
    "shop": "MAXIMA",
    "categories": [
      1,
      1001,
      1001003
    ],
    "productName": "CASAL Garcia Sweet White 9% 0,75L",
    "productPriceOld": null,
    "productPrice": {
      "value": 10.05,
      "unit": "€"
    },
    "productPricePerUnit": {
      "value": 13.4,
      "unit": "€/l"
    },
    "productPriceWithLoyaltyCard": null,
    "productPricePerUnitWithLoyaltyCard": null,
    "imageUrl": "https://cdn.barbora.lv/products/fb3a9b98-3d04-416c-9568-1ce8415f59ef_s.png",
    "available": true,
    "discount": null
  },
  {
    "shop": "MAXIMA",
    "categories": [
      1,
      1001,
      1001003
    ],
    "productName": "Vīns CASAL GARCIA ROSE 9,5% 0,75l",
    "productPriceOld": null,
    "productPrice": {
      "value": 10.05,
      "unit": "€"
    },
    "productPricePerUnit": {
      "value": 13.4,
      "unit": "€/l"
    },
    "productPriceWithLoyaltyCard": null,
    "productPricePerUnitWithLoyaltyCard": null,
    "imageUrl": "https://cdn.barbora.lv/products/3f31bdaf-03fe-4263-991a-e3052d094ccf_s.png",
    "available": true,
    "discount": null
  },
  {
    "shop": "MAXIMA",
    "categories": [
      1,
      1001,
      1001003
    ],
    "productName": "Vīns CASAL GARCIA TINTO DOC 13% 0,75l",
    "productPriceOld": null,
    "productPrice": {
      "value": 10.05,
      "unit": "€"
    },
    "productPricePerUnit": {
      "value": 13.4,
      "unit": "€/l"
    },
    "productPriceWithLoyaltyCard": null,
    "productPricePerUnitWithLoyaltyCard": null,
    "imageUrl": "https://cdn.barbora.lv/products/8975ea23-8113-4883-949b-5d2e932f1b48_s.png",
    "available": true,
    "discount": null
  },
  {
    "shop": "MAXIMA",
    "categories": [
      1,
      1001,
      1001004
    ],
    "productName": "Dz.vīns JACOBS'S CR.CHARD.PIN.11,5%0,75L",
    "productPriceOld": null,
    "productPrice": {
      "value": 10.09,
      "unit": "€"
    },
    "productPricePerUnit": {
      "value": 13.45,
      "unit": "€/l"
    },
    "productPriceWithLoyaltyCard": null,
    "productPricePerUnitWithLoyaltyCard": null,
    "imageUrl": "https://cdn.barbora.lv/products/bfbec18b-c24e-4f3c-a28a-3492445030f0_s.png",
    "available": true,
    "discount": null
  },
  {
    "shop": "MAXIMA",
    "categories": [
      1,
      1001,
      1001003
    ],
    "productName": "Dzirkstošais vīns RIVANI Rose 11% 0,75L",
    "productPriceOld": null,
    "productPrice": {
      "value": 10.09,
      "unit": "€"
    },
    "productPricePerUnit": {
      "value": 13.45,
      "unit": "€/l"
    },
    "productPriceWithLoyaltyCard": null,
    "productPricePerUnitWithLoyaltyCard": null,
    "imageUrl": "https://cdn.barbora.lv/products/2159673d-7f7c-4285-b34e-776b1bf6694c_s.png",
    "available": true,
    "discount": null
  },
  {
    "shop": "MAXIMA",
    "categories": [
      1,
      1001,
      1001003
    ],
    "productName": "Vīns MARIUS TERRET VERMENTINO 12,5%0,75L",
    "productPriceOld": null,
    "productPrice": {
      "value": 10.09,
      "unit": "€"
    },
    "productPricePerUnit": {
      "value": 13.45,
      "unit": "€/l"
    },
    "productPriceWithLoyaltyCard": null,
    "productPricePerUnitWithLoyaltyCard": null,
    "imageUrl": "https://cdn.barbora.lv/products/995666c4-76cc-49c9-b726-a9efd57eaae7_s.png",
    "available": true,
    "discount": null
  },
  {
    "shop": "MAXIMA",
    "categories": [
      1,
      1001,
      1001003
    ],
    "productName": "Dzirkst.vīns RIVANI Chardonnay 11% 0,75L",
    "productPriceOld": null,
    "productPrice": {
      "value": 10.09,
      "unit": "€"
    },
    "productPricePerUnit": {
      "value": 13.45,
      "unit": "€/l"
    },
    "productPriceWithLoyaltyCard": null,
    "productPricePerUnitWithLoyaltyCard": null,
    "imageUrl": "https://cdn.barbora.lv/products/ab30c0b5-c404-4154-b716-5eec3b2acbe5_s.png",
    "available": true,
    "discount": null
  },
  {
    "shop": "MAXIMA",
    "categories": [
      1,
      1001,
      1001003
    ],
    "productName": "Vīns JACOB'S CREEK PIN.GRIG. 12 % 0,75L",
    "productPriceOld": null,
    "productPrice": {
      "value": 10.09,
      "unit": "€"
    },
    "productPricePerUnit": {
      "value": 13.45,
      "unit": "€/l"
    },
    "productPriceWithLoyaltyCard": null,
    "productPricePerUnitWithLoyaltyCard": null,
    "imageUrl": "https://cdn.barbora.lv/products/5a4ba4fe-d1ce-4610-98b0-ff3433ae48eb_s.png",
    "available": true,
    "discount": null
  },
  {
    "shop": "MAXIMA",
    "categories": [
      1,
      1001,
      1001003
    ],
    "productName": "Vīns MARIUS GRENACHE SYRAH 13,5% 0,75L",
    "productPriceOld": null,
    "productPrice": {
      "value": 10.09,
      "unit": "€"
    },
    "productPricePerUnit": {
      "value": 13.45,
      "unit": "€/l"
    },
    "productPriceWithLoyaltyCard": null,
    "productPricePerUnitWithLoyaltyCard": null,
    "imageUrl": "https://cdn.barbora.lv/products/504d4e5f-1b39-4868-ad27-a96cec6879e9_s.png",
    "available": true,
    "discount": null
  },
  {
    "shop": "MAXIMA",
    "categories": [
      1,
      1002,
      10010020
    ],
    "productName": "Sula granātābolu SUN365 250ml D",
    "productPriceOld": null,
    "productPrice": {
      "value": 3.39,
      "unit": "€"
    },
    "productPricePerUnit": {
      "value": 13.56,
      "unit": "€/l"
    },
    "productPriceWithLoyaltyCard": null,
    "productPricePerUnitWithLoyaltyCard": null,
    "imageUrl": "https://cdn.barbora.lv/products/2b723b0c-a45d-4637-8ef9-3475262cd570_s.png",
    "available": true,
    "discount": null
  },
  {
    "shop": "MAXIMA",
    "categories": [
      1,
      1001,
      1001003
    ],
    "productName": "Dzirkstošais vīns MIONETTO PROSECCO BRUT 11% 0,75L",
    "productPriceOld": null,
    "productPrice": {
      "value": 10.18,
      "unit": "€"
    },
    "productPricePerUnit": {
      "value": 13.57,
      "unit": "€/l"
    },
    "productPriceWithLoyaltyCard": null,
    "productPricePerUnitWithLoyaltyCard": null,
    "imageUrl": "https://cdn.barbora.lv/products/1556daf3-3c84-4a6e-a531-79fdf7f1572d_s.png",
    "available": true,
    "discount": null
  },
  {
    "shop": "MAXIMA",
    "categories": [
      1,
      1001,
      1001003
    ],
    "productName": "Vīns PICCINI Mem.Nero D'Avola 13,5%0,75L",
    "productPriceOld": null,
    "productPrice": {
      "value": 10.18,
      "unit": "€"
    },
    "productPricePerUnit": {
      "value": 13.57,
      "unit": "€/l"
    },
    "productPriceWithLoyaltyCard": null,
    "productPricePerUnitWithLoyaltyCard": null,
    "imageUrl": "https://cdn.barbora.lv/products/ee997c2b-831e-41b2-a556-7d4c05ff5136_s.png",
    "available": true,
    "discount": null
  },
  {
    "shop": "MAXIMA",
    "categories": [
      1,
      1001,
      1001003
    ],
    "productName": "Vīns CALVET CABERNET SAUVIGNON 13,%0,75l",
    "productPriceOld": null,
    "productPrice": {
      "value": 10.18,
      "unit": "€"
    },
    "productPricePerUnit": {
      "value": 13.57,
      "unit": "€/l"
    },
    "productPriceWithLoyaltyCard": null,
    "productPricePerUnitWithLoyaltyCard": null,
    "imageUrl": "https://cdn.barbora.lv/products/f5e866d0-50cd-49b0-9e3b-6f00b506c0e3_s.png",
    "available": true,
    "discount": null
  },
  {
    "shop": "MAXIMA",
    "categories": [
      1,
      1001,
      1001003
    ],
    "productName": "Vīns PICCINI MEMORO Mon D'Abruzzo 13,5% 750ml",
    "productPriceOld": null,
    "productPrice": {
      "value": 10.18,
      "unit": "€"
    },
    "productPricePerUnit": {
      "value": 13.57,
      "unit": "€/l"
    },
    "productPriceWithLoyaltyCard": null,
    "productPricePerUnitWithLoyaltyCard": null,
    "imageUrl": "https://cdn.barbora.lv/products/ad3a6a79-ea4a-4c16-a6ed-12d667378949_s.png",
    "available": true,
    "discount": null
  },
  {
    "shop": "MAXIMA",
    "categories": [
      1,
      1001,
      1001003
    ],
    "productName": "Vīns PICCINI Memoro Merlot Ven.12% 0,75L",
    "productPriceOld": null,
    "productPrice": {
      "value": 10.18,
      "unit": "€"
    },
    "productPricePerUnit": {
      "value": 13.57,
      "unit": "€/l"
    },
    "productPriceWithLoyaltyCard": null,
    "productPricePerUnitWithLoyaltyCard": null,
    "imageUrl": "https://cdn.barbora.lv/products/3507f066-a696-43ac-8b42-9cc73d50c1e2_s.png",
    "available": true,
    "discount": null
  },
  {
    "shop": "MAXIMA",
    "categories": [
      1,
      1001,
      1001003
    ],
    "productName": "Vīns PICCINI Memoro Primitivo 14% 0,75L",
    "productPriceOld": null,
    "productPrice": {
      "value": 10.18,
      "unit": "€"
    },
    "productPricePerUnit": {
      "value": 13.57,
      "unit": "€/l"
    },
    "productPriceWithLoyaltyCard": null,
    "productPricePerUnitWithLoyaltyCard": null,
    "imageUrl": "https://cdn.barbora.lv/products/c13cf51e-d6da-4305-ad47-a9a18a48231c_s.png",
    "available": true,
    "discount": null
  },
  {
    "shop": "RIMI",
    "categories": [
      2,
      2005
    ],
    "productName": "Šokolādes kūka Lāči ar ķiršiem 500g",
    "productPriceOld": {
      "value": 7.99,
      "unit": "€"
    },
    "productPrice": {
      "value": 6.79,
      "unit": "€/gab"
    },
    "productPricePerUnit": {
      "value": 13.58,
      "unit": "€/kg"
    },
    "productPriceWithLoyaltyCard": null,
    "productPricePerUnitWithLoyaltyCard": null,
    "imageUrl": "https://rimibaltic-res.cloudinary.com/image/upload/d_ecommerce:backend-fallback.png/MAT_921575_PCE_LV",
    "available": true,
    "discount": 15
  },
  {
    "shop": "RIMI",
    "categories": [
      1,
      1001,
      10010019
    ],
    "productName": "Stiprs alk. dzēriens Hektors 32% 0,5l",
    "productPriceOld": null,
    "productPrice": {
      "value": 6.79,
      "unit": "€/gab"
    },
    "productPricePerUnit": {
      "value": 13.58,
      "unit": "€/l"
    },
    "productPriceWithLoyaltyCard": null,
    "productPricePerUnitWithLoyaltyCard": null,
    "imageUrl": "https://rimibaltic-res.cloudinary.com/image/upload/d_ecommerce:backend-fallback.png/MAT_518403_PCE_LV",
    "available": true,
    "discount": null
  },
  {
    "shop": "MAXIMA",
    "categories": [
      1,
      1001,
      10010019
    ],
    "productName": "St.alk.dz. IMPERIAL XII VS 30% 0,5L",
    "productPriceOld": {
      "value": 8.12,
      "unit": "€"
    },
    "productPrice": {
      "value": 8.12,
      "unit": "€"
    },
    "productPricePerUnit": {
      "value": 16.24,
      "unit": "€/l"
    },
    "productPriceWithLoyaltyCard": {
      "value": 6.79,
      "unit": "€"
    },
    "productPricePerUnitWithLoyaltyCard": {
      "value": 13.58,
      "unit": "€/l"
    },
    "imageUrl": "https://cdn.barbora.lv/products/feee3099-f3f4-4c44-9722-1d3665381e6e_s.png",
    "available": true,
    "discount": 16
  },
  {
    "shop": "RIMI",
    "categories": [
      1,
      1001,
      1001003
    ],
    "productName": "B.v. Kiwi Island Sauvignon 12% 0,75l",
    "productPriceOld": null,
    "productPrice": {
      "value": 10.19,
      "unit": "€/gab"
    },
    "productPricePerUnit": {
      "value": 13.59,
      "unit": "€/l"
    },
    "productPriceWithLoyaltyCard": null,
    "productPricePerUnitWithLoyaltyCard": null,
    "imageUrl": "https://rimibaltic-res.cloudinary.com/image/upload/d_ecommerce:backend-fallback.png/MAT_7296520_PCE_LV",
    "available": true,
    "discount": null
  },
  {
    "shop": "RIMI",
    "categories": [
      1,
      1001,
      1001003
    ],
    "productName": "Baltvīns LYV Sauvignon blanc 12% 0,75l",
    "productPriceOld": null,
    "productPrice": {
      "value": 10.19,
      "unit": "€/gab"
    },
    "productPricePerUnit": {
      "value": 13.59,
      "unit": "€/l"
    },
    "productPriceWithLoyaltyCard": null,
    "productPricePerUnitWithLoyaltyCard": null,
    "imageUrl": "https://rimibaltic-res.cloudinary.com/image/upload/d_ecommerce:backend-fallback.png/MAT_7290190_PCE_LV",
    "available": true,
    "discount": null
  },
  {
    "shop": "RIMI",
    "categories": [
      1,
      1001,
      1001003
    ],
    "productName": "S.v. Castellani Chianti Riserva 12,5% 0,75l",
    "productPriceOld": null,
    "productPrice": {
      "value": 10.19,
      "unit": "€/gab"
    },
    "productPricePerUnit": {
      "value": 13.59,
      "unit": "€/l"
    },
    "productPriceWithLoyaltyCard": null,
    "productPricePerUnitWithLoyaltyCard": null,
    "imageUrl": "https://rimibaltic-res.cloudinary.com/image/upload/d_ecommerce:backend-fallback.png/MAT_7082754_PCE_LV",
    "available": true,
    "discount": null
  },
  {
    "shop": "RIMI",
    "categories": [
      1,
      1001,
      1001003
    ],
    "productName": "Rozā v.LYV Syrah Garnacha Gris 12% 0,75l",
    "productPriceOld": null,
    "productPrice": {
      "value": 10.19,
      "unit": "€/gab"
    },
    "productPricePerUnit": {
      "value": 13.59,
      "unit": "€/l"
    },
    "productPriceWithLoyaltyCard": null,
    "productPricePerUnitWithLoyaltyCard": null,
    "imageUrl": "https://rimibaltic-res.cloudinary.com/image/upload/d_ecommerce:backend-fallback.png/MAT_7290191_PCE_LV",
    "available": true,
    "discount": null
  },
  {
    "shop": "RIMI",
    "categories": [
      1,
      1001,
      1001003
    ],
    "productName": "Sarkanvīns Murviedro Reserva 13,5% 0,75l",
    "productPriceOld": null,
    "productPrice": {
      "value": 10.19,
      "unit": "€/gab"
    },
    "productPricePerUnit": {
      "value": 13.59,
      "unit": "€/l"
    },
    "productPriceWithLoyaltyCard": null,
    "productPricePerUnitWithLoyaltyCard": null,
    "imageUrl": "https://rimibaltic-res.cloudinary.com/image/upload/d_ecommerce:backend-fallback.png/MAT_140351_PCE_LV",
    "available": true,
    "discount": null
  },
  {
    "shop": "MAXIMA",
    "categories": [
      1,
      1001,
      1001003
    ],
    "productName": "Dzir.vīns LE COLLINE ASTI 7,5% 0,75L",
    "productPriceOld": null,
    "productPrice": {
      "value": 10.19,
      "unit": "€"
    },
    "productPricePerUnit": {
      "value": 13.59,
      "unit": "€/l"
    },
    "productPriceWithLoyaltyCard": null,
    "productPricePerUnitWithLoyaltyCard": null,
    "imageUrl": "https://cdn.barbora.lv/products/8b16e453-e185-4719-a9f2-abfc9785ace0_s.png",
    "available": true,
    "discount": null
  },
  {
    "shop": "MAXIMA",
    "categories": [
      1,
      1001,
      1001004
    ],
    "productName": "Dz.v.VEUVE DU VERNAY ICE ROSE 11% 0,75L",
    "productPriceOld": null,
    "productPrice": {
      "value": 10.19,
      "unit": "€"
    },
    "productPricePerUnit": {
      "value": 13.59,
      "unit": "€/l"
    },
    "productPriceWithLoyaltyCard": null,
    "productPricePerUnitWithLoyaltyCard": null,
    "imageUrl": "https://cdn.barbora.lv/products/28ab796e-789d-4c92-9d69-303e83c051ca_s.png",
    "available": true,
    "discount": null
  },
  {
    "shop": "MAXIMA",
    "categories": [
      1,
      1001,
      1001004
    ],
    "productName": "DZ.V.VEUVE DU VERNAY ICE 0.75L 11%",
    "productPriceOld": null,
    "productPrice": {
      "value": 10.19,
      "unit": "€"
    },
    "productPricePerUnit": {
      "value": 13.59,
      "unit": "€/l"
    },
    "productPriceWithLoyaltyCard": null,
    "productPricePerUnitWithLoyaltyCard": null,
    "imageUrl": "https://cdn.barbora.lv/products/a42e72e6-160d-4b68-9d30-e854d48bed05_s.png",
    "available": true,
    "discount": null
  },
  {
    "shop": "MAXIMA",
    "categories": [
      1,
      1001,
      1001003
    ],
    "productName": "Vīns CALVET CHARDONNAY 13% 0,75l",
    "productPriceOld": null,
    "productPrice": {
      "value": 10.19,
      "unit": "€"
    },
    "productPricePerUnit": {
      "value": 13.59,
      "unit": "€/l"
    },
    "productPriceWithLoyaltyCard": null,
    "productPricePerUnitWithLoyaltyCard": null,
    "imageUrl": "https://cdn.barbora.lv/products/25a82ab5-bca7-4f68-9961-2d3e5eec8057_s.png",
    "available": true,
    "discount": null
  },
  {
    "shop": "RIMI",
    "categories": [
      1,
      1001,
      1001003
    ],
    "productName": "S.v. Les Mougeottes Pinot Noir 13% 0,75l",
    "productPriceOld": null,
    "productPrice": {
      "value": 10.25,
      "unit": "€/gab"
    },
    "productPricePerUnit": {
      "value": 13.67,
      "unit": "€/l"
    },
    "productPriceWithLoyaltyCard": null,
    "productPricePerUnitWithLoyaltyCard": null,
    "imageUrl": "https://rimibaltic-res.cloudinary.com/image/upload/d_ecommerce:backend-fallback.png/MAT_7145215_PCE_LV",
    "available": true,
    "discount": null
  },
  {
    "shop": "RIMI",
    "categories": [
      1,
      1001,
      1001003
    ],
    "productName": "B.v.Les Mougeottes Chardonnay 13,5%0,75l",
    "productPriceOld": null,
    "productPrice": {
      "value": 10.25,
      "unit": "€/gab"
    },
    "productPricePerUnit": {
      "value": 13.67,
      "unit": "€/l"
    },
    "productPriceWithLoyaltyCard": null,
    "productPricePerUnitWithLoyaltyCard": null,
    "imageUrl": "https://rimibaltic-res.cloudinary.com/image/upload/d_ecommerce:backend-fallback.png/MAT_7145228_PCE_LV",
    "available": true,
    "discount": null
  },
  {
    "shop": "RIMI",
    "categories": [
      1,
      1001,
      1001003
    ],
    "productName": "S.v. Les Mougeottes G. Reserve 13,5% 0,75l",
    "productPriceOld": null,
    "productPrice": {
      "value": 10.25,
      "unit": "€/gab"
    },
    "productPricePerUnit": {
      "value": 13.67,
      "unit": "€/l"
    },
    "productPriceWithLoyaltyCard": null,
    "productPricePerUnitWithLoyaltyCard": null,
    "imageUrl": "https://rimibaltic-res.cloudinary.com/image/upload/d_ecommerce:backend-fallback.png/MAT_7267386_PCE_LV",
    "available": true,
    "discount": null
  },
  {
    "shop": "RIMI",
    "categories": [
      1,
      1001,
      1001003
    ],
    "productName": "Dz. granātābolu vīns Armenian 11%  0,75l",
    "productPriceOld": null,
    "productPrice": {
      "value": 10.25,
      "unit": "€/gab"
    },
    "productPricePerUnit": {
      "value": 13.67,
      "unit": "€/l"
    },
    "productPriceWithLoyaltyCard": null,
    "productPricePerUnitWithLoyaltyCard": null,
    "imageUrl": "https://rimibaltic-res.cloudinary.com/image/upload/d_ecommerce:backend-fallback.png/MAT_7212540_PCE_LV",
    "available": true,
    "discount": null
  },
  {
    "shop": "RIMI",
    "categories": [
      1,
      1001,
      1001003
    ],
    "productName": "B.v. Les Mougeotte G.R.Blanc 11% 0,75l",
    "productPriceOld": null,
    "productPrice": {
      "value": 10.25,
      "unit": "€/gab"
    },
    "productPricePerUnit": {
      "value": 13.67,
      "unit": "€/l"
    },
    "productPriceWithLoyaltyCard": null,
    "productPricePerUnitWithLoyaltyCard": null,
    "imageUrl": "https://rimibaltic-res.cloudinary.com/image/upload/d_ecommerce:backend-fallback.png/MAT_7267384_PCE_LV",
    "available": true,
    "discount": null
  },
  {
    "shop": "RIMI",
    "categories": [
      1,
      1001,
      1001003
    ],
    "productName": "R.v. Les Mougeottes Speciale 12,5% 0,75l",
    "productPriceOld": null,
    "productPrice": {
      "value": 10.25,
      "unit": "€/gab"
    },
    "productPricePerUnit": {
      "value": 13.67,
      "unit": "€/l"
    },
    "productPriceWithLoyaltyCard": null,
    "productPricePerUnitWithLoyaltyCard": null,
    "imageUrl": "https://rimibaltic-res.cloudinary.com/image/upload/d_ecommerce:backend-fallback.png/MAT_7287570_PCE_LV",
    "available": true,
    "discount": null
  },
  {
    "shop": "RIMI",
    "categories": [
      1,
      1001,
      1001003
    ],
    "productName": "S.v. Plai Moldova Merlot Syrah 13% 0,75l",
    "productPriceOld": null,
    "productPrice": {
      "value": 10.25,
      "unit": "€/gab"
    },
    "productPricePerUnit": {
      "value": 13.67,
      "unit": "€/l"
    },
    "productPriceWithLoyaltyCard": null,
    "productPricePerUnitWithLoyaltyCard": null,
    "imageUrl": "https://rimibaltic-res.cloudinary.com/image/upload/d_ecommerce:backend-fallback.png/MAT_7252197_PCE_LV",
    "available": true,
    "discount": null
  },
  {
    "shop": "RIMI",
    "categories": [
      1,
      1001,
      1001003
    ],
    "productName": "S.v. L. Marques Rioja Reserva 13% 0,75l",
    "productPriceOld": null,
    "productPrice": {
      "value": 10.25,
      "unit": "€/gab"
    },
    "productPricePerUnit": {
      "value": 13.67,
      "unit": "€/l"
    },
    "productPriceWithLoyaltyCard": null,
    "productPricePerUnitWithLoyaltyCard": null,
    "imageUrl": "https://rimibaltic-res.cloudinary.com/image/upload/d_ecommerce:backend-fallback.png/MAT_7145232_PCE_LV",
    "available": true,
    "discount": null
  },
  {
    "shop": "MAXIMA",
    "categories": [
      1,
      1001,
      1001003
    ],
    "productName": "Dzirkstošais vīns ROCCA DEI FORTI PROSSECO 11,5% 0,75L",
    "productPriceOld": null,
    "productPrice": {
      "value": 10.25,
      "unit": "€"
    },
    "productPricePerUnit": {
      "value": 13.67,
      "unit": "€/l"
    },
    "productPriceWithLoyaltyCard": null,
    "productPricePerUnitWithLoyaltyCard": null,
    "imageUrl": "https://cdn.barbora.lv/products/79b93610-a90e-4921-b355-f0b0faf75e90_s.png",
    "available": true,
    "discount": null
  },
  {
    "shop": "MAXIMA",
    "categories": [
      1,
      1001,
      1001003
    ],
    "productName": "Vīns Cle De La Source Rose 12,5% 0,75L",
    "productPriceOld": null,
    "productPrice": {
      "value": 10.25,
      "unit": "€"
    },
    "productPricePerUnit": {
      "value": 13.67,
      "unit": "€/l"
    },
    "productPriceWithLoyaltyCard": null,
    "productPricePerUnitWithLoyaltyCard": null,
    "imageUrl": "https://cdn.barbora.lv/products/97a9351d-e478-4aa5-a685-62f6b9f80cde_s.png",
    "available": true,
    "discount": null
  },
  {
    "shop": "MAXIMA",
    "categories": [
      1,
      1001,
      1001003
    ],
    "productName": "Vīns Cle De La Source Blanc 12,5% 0,75L",
    "productPriceOld": null,
    "productPrice": {
      "value": 10.25,
      "unit": "€"
    },
    "productPricePerUnit": {
      "value": 13.67,
      "unit": "€/l"
    },
    "productPriceWithLoyaltyCard": null,
    "productPricePerUnitWithLoyaltyCard": null,
    "imageUrl": "https://cdn.barbora.lv/products/62b28192-83cb-46c4-ba3a-ef221e6ee707_s.png",
    "available": true,
    "discount": null
  },
  {
    "shop": "MAXIMA",
    "categories": [
      1,
      1001,
      1001003
    ],
    "productName": "Vīns PASTROL BOSTAVAN 16% 0,75L",
    "productPriceOld": null,
    "productPrice": {
      "value": 10.26,
      "unit": "€"
    },
    "productPricePerUnit": {
      "value": 13.68,
      "unit": "€/l"
    },
    "productPriceWithLoyaltyCard": null,
    "productPricePerUnitWithLoyaltyCard": null,
    "imageUrl": "https://cdn.barbora.lv/products/cd141849-e6a1-4b62-a022-ccd77ac84623_s.png",
    "available": true,
    "discount": null
  },
  {
    "shop": "MAXIMA",
    "categories": [
      2,
      2005
    ],
    "productName": "Kūka ar ķiršiem MEISTARA MARKA 350g",
    "productPriceOld": null,
    "productPrice": {
      "value": 4.79,
      "unit": "€"
    },
    "productPricePerUnit": {
      "value": 13.69,
      "unit": "€/kg"
    },
    "productPriceWithLoyaltyCard": null,
    "productPricePerUnitWithLoyaltyCard": null,
    "imageUrl": "https://cdn.barbora.lv/products/315ef5bc-8320-4dea-8c9f-7336da13e1c4_s.png",
    "available": true,
    "discount": null
  },
  {
    "shop": "MAXIMA",
    "categories": [
      1,
      1001,
      10010019
    ],
    "productName": "Stiprs alkoholiskais dzēriens HEKTORS 32% 0,7l",
    "productPriceOld": null,
    "productPrice": {
      "value": 9.59,
      "unit": "€"
    },
    "productPricePerUnit": {
      "value": 13.7,
      "unit": "€/l"
    },
    "productPriceWithLoyaltyCard": null,
    "productPricePerUnitWithLoyaltyCard": null,
    "imageUrl": "https://cdn.barbora.lv/products/86a64883-1744-411f-9be6-5287ec191412_s.png",
    "available": true,
    "discount": null
  },
  {
    "shop": "MAXIMA",
    "categories": [
      1,
      1001,
      10010016
    ],
    "productName": "Degvīns HLIBNIJ DAR KLASIČNA 40% 0,7L",
    "productPriceOld": {
      "value": 14.78,
      "unit": "€"
    },
    "productPrice": {
      "value": 9.59,
      "unit": "€"
    },
    "productPricePerUnit": {
      "value": 13.7,
      "unit": "€/l"
    },
    "productPriceWithLoyaltyCard": null,
    "productPricePerUnitWithLoyaltyCard": null,
    "imageUrl": "https://cdn.barbora.lv/products/8e48f2da-4691-4963-9219-97218c11e5d9_s.png",
    "available": true,
    "discount": 35
  },
  {
    "shop": "MAXIMA",
    "categories": [
      1,
      1001,
      10010016
    ],
    "productName": "Degvīns HLIBNIJ DAR NA PR.ZERNE 40% 0,7L",
    "productPriceOld": {
      "value": 14.78,
      "unit": "€"
    },
    "productPrice": {
      "value": 9.59,
      "unit": "€"
    },
    "productPricePerUnit": {
      "value": 13.7,
      "unit": "€/l"
    },
    "productPriceWithLoyaltyCard": null,
    "productPricePerUnitWithLoyaltyCard": null,
    "imageUrl": "https://cdn.barbora.lv/products/84960e80-e473-4a12-b150-fa200f2ee8a0_s.png",
    "available": true,
    "discount": 35
  },
  {
    "shop": "CITRO",
    "categories": [
      1,
      1001,
      10010013
    ],
    "productName": "LIĶIERIS MOKA 30% 0.7L",
    "productPriceOld": null,
    "productPrice": null,
    "productPricePerUnit": {
      "value": 13.7,
      "unit": "€/L"
    },
    "productPriceWithLoyaltyCard": null,
    "productPricePerUnitWithLoyaltyCard": null,
    "imageUrl": "https://rezekne.citro.lv/wp-content/uploads/2021/04/4750021310386-300x300.jpg",
    "available": true,
    "discount": null
  },
  {
    "shop": "RIMI",
    "categories": [
      1,
      1001,
      1001004
    ],
    "productName": "Dz.v. Cielo Cuvee Privee 10,5% 0,75l",
    "productPriceOld": null,
    "productPrice": {
      "value": 10.29,
      "unit": "€/gab"
    },
    "productPricePerUnit": {
      "value": 13.72,
      "unit": "€/l"
    },
    "productPriceWithLoyaltyCard": null,
    "productPricePerUnitWithLoyaltyCard": null,
    "imageUrl": "https://rimibaltic-res.cloudinary.com/image/upload/d_ecommerce:backend-fallback.png/MAT_7187995_PCE_LV",
    "available": true,
    "discount": null
  },
  {
    "shop": "RIMI",
    "categories": [
      1,
      1001,
      1001003
    ],
    "productName": "B.v. Piteira Premium Alentejo 12% 0,75l",
    "productPriceOld": null,
    "productPrice": {
      "value": 10.29,
      "unit": "€/gab"
    },
    "productPricePerUnit": {
      "value": 13.72,
      "unit": "€/l"
    },
    "productPriceWithLoyaltyCard": null,
    "productPricePerUnitWithLoyaltyCard": null,
    "imageUrl": "https://rimibaltic-res.cloudinary.com/image/upload/d_ecommerce:backend-fallback.png/MAT_7220737_PCE_LV",
    "available": true,
    "discount": null
  },
  {
    "shop": "RIMI",
    "categories": [
      1,
      1001,
      1001003
    ],
    "productName": "S.v. Piteira Premium Alentejo 13,5% 0,75l",
    "productPriceOld": null,
    "productPrice": {
      "value": 10.29,
      "unit": "€/gab"
    },
    "productPricePerUnit": {
      "value": 13.72,
      "unit": "€/l"
    },
    "productPriceWithLoyaltyCard": null,
    "productPricePerUnitWithLoyaltyCard": null,
    "imageUrl": "https://rimibaltic-res.cloudinary.com/image/upload/d_ecommerce:backend-fallback.png/MAT_7220740_PCE_LV",
    "available": true,
    "discount": null
  },
  {
    "shop": "RIMI",
    "categories": [
      1,
      1001,
      1001003
    ],
    "productName": "S.v. Piteira Premium Alentejo 13,5% 0,75l",
    "productPriceOld": null,
    "productPrice": {
      "value": 10.29,
      "unit": "€/gab"
    },
    "productPricePerUnit": {
      "value": 13.72,
      "unit": "€/l"
    },
    "productPriceWithLoyaltyCard": null,
    "productPricePerUnitWithLoyaltyCard": null,
    "imageUrl": "https://rimibaltic-res.cloudinary.com/image/upload/d_ecommerce:backend-fallback.png/MAT_7220740_PCE_LV",
    "available": true,
    "discount": null
  },
  {
    "shop": "MAXIMA",
    "categories": [
      1,
      1001,
      1001003
    ],
    "productName": "Vīns B&G Cabernet Sauvignon 12,5% 0,75L",
    "productPriceOld": null,
    "productPrice": {
      "value": 10.29,
      "unit": "€"
    },
    "productPricePerUnit": {
      "value": 13.72,
      "unit": "€/l"
    },
    "productPriceWithLoyaltyCard": null,
    "productPricePerUnitWithLoyaltyCard": null,
    "imageUrl": "https://cdn.barbora.lv/products/d50ecbb0-bc1f-40bf-a36d-010917cf1357_s.png",
    "available": true,
    "discount": null
  },
  {
    "shop": "MAXIMA",
    "categories": [
      1,
      1001,
      1001003
    ],
    "productName": "Vīns B&G Merlot 13% 0,75L",
    "productPriceOld": null,
    "productPrice": {
      "value": 10.29,
      "unit": "€"
    },
    "productPricePerUnit": {
      "value": 13.72,
      "unit": "€/l"
    },
    "productPriceWithLoyaltyCard": null,
    "productPricePerUnitWithLoyaltyCard": null,
    "imageUrl": "https://cdn.barbora.lv/products/28189fd5-01cc-4063-ab40-fb8ae01974b8_s.png",
    "available": true,
    "discount": null
  },
  {
    "shop": "MAXIMA",
    "categories": [
      1,
      1001,
      1001003
    ],
    "productName": "Vīns KUMALA RESERVE MALBEC 14% 0,75L",
    "productPriceOld": null,
    "productPrice": {
      "value": 10.29,
      "unit": "€"
    },
    "productPricePerUnit": {
      "value": 13.72,
      "unit": "€/l"
    },
    "productPriceWithLoyaltyCard": null,
    "productPricePerUnitWithLoyaltyCard": null,
    "imageUrl": "https://cdn.barbora.lv/products/4e351c4f-ad24-4993-bed8-1182736bc6a7_s.png",
    "available": true,
    "discount": null
  },
  {
    "shop": "MAXIMA",
    "categories": [
      1,
      1001,
      1001003
    ],
    "productName": "Vīns KUMALA RES. CHENIN BLNAC 13% 0,75L",
    "productPriceOld": null,
    "productPrice": {
      "value": 10.29,
      "unit": "€"
    },
    "productPricePerUnit": {
      "value": 13.72,
      "unit": "€/l"
    },
    "productPriceWithLoyaltyCard": null,
    "productPricePerUnitWithLoyaltyCard": null,
    "imageUrl": "https://cdn.barbora.lv/products/98befad4-b10b-4e66-848e-e69a27057d5b_s.png",
    "available": true,
    "discount": null
  },
  {
    "shop": "RIMI",
    "categories": [
      2,
      2002
    ],
    "productName": "Torte Odziņa deserta 800g",
    "productPriceOld": null,
    "productPrice": {
      "value": 10.99,
      "unit": "€/gab"
    },
    "productPricePerUnit": {
      "value": 13.74,
      "unit": "€/kg"
    },
    "productPriceWithLoyaltyCard": null,
    "productPricePerUnitWithLoyaltyCard": null,
    "imageUrl": "https://rimibaltic-res.cloudinary.com/image/upload/d_ecommerce:backend-fallback.png/MAT_921635_PCE_LV",
    "available": true,
    "discount": null
  },
  {
    "shop": "MAXIMA",
    "categories": [
      1,
      1001,
      1001003
    ],
    "productName": "Vīns ALAZANSKAJA DOLINA ROSE 11% 0,75L",
    "productPriceOld": null,
    "productPrice": {
      "value": 10.32,
      "unit": "€"
    },
    "productPricePerUnit": {
      "value": 13.76,
      "unit": "€/l"
    },
    "productPriceWithLoyaltyCard": null,
    "productPricePerUnitWithLoyaltyCard": null,
    "imageUrl": "https://cdn.barbora.lv/products/d3a5c10b-1cb8-4d98-9796-ed1bfb491b28_s.png",
    "available": true,
    "discount": null
  },
  {
    "shop": "MAXIMA",
    "categories": [
      1,
      1001,
      10010019
    ],
    "productName": "Stipr.alk.dzēriens HEKTORS 32% 0,5l",
    "productPriceOld": null,
    "productPrice": {
      "value": 6.89,
      "unit": "€"
    },
    "productPricePerUnit": {
      "value": 13.78,
      "unit": "€/l"
    },
    "productPriceWithLoyaltyCard": null,
    "productPricePerUnitWithLoyaltyCard": null,
    "imageUrl": "https://cdn.barbora.lv/products/0ea584ea-28d6-4865-a179-732f1914bbdb_s.png",
    "available": true,
    "discount": null
  },
  {
    "shop": "CITRO",
    "categories": [
      1,
      1001,
      10010016
    ],
    "productName": "DEGVĪNS PŠENIČNAJA 40% 0.5L",
    "productPriceOld": null,
    "productPrice": null,
    "productPricePerUnit": {
      "value": 13.78,
      "unit": "€/L"
    },
    "productPriceWithLoyaltyCard": null,
    "productPricePerUnitWithLoyaltyCard": null,
    "imageUrl": "https://rezekne.citro.lv/wp-content/uploads/2020/12/4750036707058-300x300.jpg",
    "available": true,
    "discount": null
  },
  {
    "shop": "RIMI",
    "categories": [
      2,
      2002
    ],
    "productName": "Torte Ineses Biezpiena deserts 550g",
    "productPriceOld": null,
    "productPrice": {
      "value": 7.59,
      "unit": "€/gab"
    },
    "productPricePerUnit": {
      "value": 13.8,
      "unit": "€/kg"
    },
    "productPriceWithLoyaltyCard": null,
    "productPricePerUnitWithLoyaltyCard": null,
    "imageUrl": "https://rimibaltic-res.cloudinary.com/image/upload/d_ecommerce:backend-fallback.png/MAT_925072_PCE_LV",
    "available": true,
    "discount": null
  },
  {
    "shop": "MAXIMA",
    "categories": [
      1,
      1001,
      10010013
    ],
    "productName": "Uzlējums MOROSHA Cranberry 21% 0,7L",
    "productPriceOld": null,
    "productPrice": {
      "value": 9.67,
      "unit": "€"
    },
    "productPricePerUnit": {
      "value": 13.81,
      "unit": "€/l"
    },
    "productPriceWithLoyaltyCard": null,
    "productPricePerUnitWithLoyaltyCard": null,
    "imageUrl": "https://cdn.barbora.lv/products/c135a077-ca06-4fd0-8a7b-76a972a9006f_s.png",
    "available": true,
    "discount": null
  },
  {
    "shop": "RIMI",
    "categories": [
      2,
      2007
    ],
    "productName": "Kēkss Auseklis 650g",
    "productPriceOld": null,
    "productPrice": {
      "value": 8.99,
      "unit": "€/gab"
    },
    "productPricePerUnit": {
      "value": 13.83,
      "unit": "€/kg"
    },
    "productPriceWithLoyaltyCard": null,
    "productPricePerUnitWithLoyaltyCard": null,
    "imageUrl": "https://rimibaltic-res.cloudinary.com/image/upload/d_ecommerce:backend-fallback.png/MAT_921338_PCE_LV",
    "available": true,
    "discount": null
  },
  {
    "shop": "RIMI",
    "categories": [
      1,
      1001,
      1001004
    ],
    "productName": "Dz.v.Campo Viejo Brut Reserva 11,5%0,75l",
    "productPriceOld": null,
    "productPrice": {
      "value": 10.39,
      "unit": "€/gab"
    },
    "productPricePerUnit": {
      "value": 13.85,
      "unit": "€/l"
    },
    "productPriceWithLoyaltyCard": null,
    "productPricePerUnitWithLoyaltyCard": null,
    "imageUrl": "https://rimibaltic-res.cloudinary.com/image/upload/d_ecommerce:backend-fallback.png/MAT_683993_PCE_LV",
    "available": true,
    "discount": null
  },
  {
    "shop": "RIMI",
    "categories": [
      1,
      1001,
      1001004
    ],
    "productName": "Dz. vīns Veuve du Vernay brut 11% 0,75l",
    "productPriceOld": null,
    "productPrice": {
      "value": 10.39,
      "unit": "€/gab"
    },
    "productPricePerUnit": {
      "value": 13.85,
      "unit": "€/l"
    },
    "productPriceWithLoyaltyCard": null,
    "productPricePerUnitWithLoyaltyCard": null,
    "imageUrl": "https://rimibaltic-res.cloudinary.com/image/upload/d_ecommerce:backend-fallback.png/MAT_7183782_PCE_LV",
    "available": true,
    "discount": null
  },
  {
    "shop": "RIMI",
    "categories": [
      1,
      1001,
      1001004
    ],
    "productName": "Dz. vīns Veuve du Vernay ice rose 11% 0,75l",
    "productPriceOld": null,
    "productPrice": {
      "value": 10.39,
      "unit": "€/gab"
    },
    "productPricePerUnit": {
      "value": 13.85,
      "unit": "€/l"
    },
    "productPriceWithLoyaltyCard": null,
    "productPricePerUnitWithLoyaltyCard": null,
    "imageUrl": "https://rimibaltic-res.cloudinary.com/image/upload/d_ecommerce:backend-fallback.png/MAT_7140154_PCE_LV",
    "available": true,
    "discount": null
  },
  {
    "shop": "RIMI",
    "categories": [
      1,
      1001,
      1001004
    ],
    "productName": "Dz. vīns Veuve du Vernay ice 11% 0,75l",
    "productPriceOld": null,
    "productPrice": {
      "value": 10.39,
      "unit": "€/gab"
    },
    "productPricePerUnit": {
      "value": 13.85,
      "unit": "€/l"
    },
    "productPriceWithLoyaltyCard": null,
    "productPricePerUnitWithLoyaltyCard": null,
    "imageUrl": "https://rimibaltic-res.cloudinary.com/image/upload/d_ecommerce:backend-fallback.png/MAT_7140155_PCE_LV",
    "available": true,
    "discount": null
  },
  {
    "shop": "RIMI",
    "categories": [
      1,
      1001,
      1001003
    ],
    "productName": "S.v. Torres San Valentin Garnacha 13,5% 0,75l",
    "productPriceOld": null,
    "productPrice": {
      "value": 10.39,
      "unit": "€/gab"
    },
    "productPricePerUnit": {
      "value": 13.85,
      "unit": "€/l"
    },
    "productPriceWithLoyaltyCard": null,
    "productPricePerUnitWithLoyaltyCard": null,
    "imageUrl": "https://rimibaltic-res.cloudinary.com/image/upload/d_ecommerce:backend-fallback.png/MAT_458960_PCE_LV",
    "available": true,
    "discount": null
  },
  {
    "shop": "RIMI",
    "categories": [
      1,
      1001,
      1001003
    ],
    "productName": "B.v. San Valentin Torres 11% 0,75l",
    "productPriceOld": null,
    "productPrice": {
      "value": 10.39,
      "unit": "€/gab"
    },
    "productPricePerUnit": {
      "value": 13.85,
      "unit": "€/l"
    },
    "productPriceWithLoyaltyCard": null,
    "productPricePerUnitWithLoyaltyCard": null,
    "imageUrl": "https://rimibaltic-res.cloudinary.com/image/upload/d_ecommerce:backend-fallback.png/MAT_101629_PCE_LV",
    "available": true,
    "discount": null
  },
  {
    "shop": "MAXIMA",
    "categories": [
      1,
      1001,
      1001003
    ],
    "productName": "Vīns B&G Cuvee Speciale Rouge 12% 0,187L",
    "productPriceOld": null,
    "productPrice": {
      "value": 2.59,
      "unit": "€"
    },
    "productPricePerUnit": {
      "value": 13.85,
      "unit": "€/l"
    },
    "productPriceWithLoyaltyCard": null,
    "productPricePerUnitWithLoyaltyCard": null,
    "imageUrl": "https://cdn.barbora.lv/products/3acab9bf-d473-4986-9cef-45083fd1bf24_s.png",
    "available": true,
    "discount": null
  },
  {
    "shop": "MAXIMA",
    "categories": [
      1,
      1001,
      1001003
    ],
    "productName": "Dzirkst.vīns PROSSECO SPERONE 11,5%0,75L",
    "productPriceOld": null,
    "productPrice": {
      "value": 10.39,
      "unit": "€"
    },
    "productPricePerUnit": {
      "value": 13.85,
      "unit": "€/l"
    },
    "productPriceWithLoyaltyCard": null,
    "productPricePerUnitWithLoyaltyCard": null,
    "imageUrl": "https://cdn.barbora.lv/products/11b9de2d-b035-4a26-958f-3d22a2c0af0c_s.png",
    "available": true,
    "discount": null
  },
  {
    "shop": "MAXIMA",
    "categories": [
      1,
      1001,
      1001003
    ],
    "productName": "Vīns B&G Cuvee Speciale Blanc 11% 0,187L",
    "productPriceOld": null,
    "productPrice": {
      "value": 2.59,
      "unit": "€"
    },
    "productPricePerUnit": {
      "value": 13.85,
      "unit": "€/l"
    },
    "productPriceWithLoyaltyCard": null,
    "productPricePerUnitWithLoyaltyCard": null,
    "imageUrl": "https://cdn.barbora.lv/products/2bf64402-157c-4930-bfa6-56a4919ca945_s.png",
    "available": true,
    "discount": null
  },
  {
    "shop": "MAXIMA",
    "categories": [
      1,
      1001,
      1001003
    ],
    "productName": "Vīns NEIRANO BARBERO D'ASTI 13% 0,75L",
    "productPriceOld": null,
    "productPrice": {
      "value": 10.39,
      "unit": "€"
    },
    "productPricePerUnit": {
      "value": 13.85,
      "unit": "€/l"
    },
    "productPriceWithLoyaltyCard": null,
    "productPricePerUnitWithLoyaltyCard": null,
    "imageUrl": "https://cdn.barbora.lv/products/430c0c7f-751d-4529-b3a5-5e3c442f4bfc_s.png",
    "available": true,
    "discount": null
  },
  {
    "shop": "MAXIMA",
    "categories": [
      1,
      1001,
      1001003
    ],
    "productName": "Vīns CALVET ROSE D'ANJOU 10,5% 0,75l",
    "productPriceOld": null,
    "productPrice": {
      "value": 10.39,
      "unit": "€"
    },
    "productPricePerUnit": {
      "value": 13.85,
      "unit": "€/l"
    },
    "productPriceWithLoyaltyCard": null,
    "productPricePerUnitWithLoyaltyCard": null,
    "imageUrl": "https://cdn.barbora.lv/products/b9bb3a27-5351-464f-a482-e44df70b07e7_s.png",
    "available": true,
    "discount": null
  },
  {
    "shop": "MAXIMA",
    "categories": [
      1,
      1001,
      1001003
    ],
    "productName": "Vīns TORRES SANGRE DE TORO TINTO 13,5% 0,75l",
    "productPriceOld": null,
    "productPrice": {
      "value": 10.39,
      "unit": "€"
    },
    "productPricePerUnit": {
      "value": 13.85,
      "unit": "€/l"
    },
    "productPriceWithLoyaltyCard": null,
    "productPricePerUnitWithLoyaltyCard": null,
    "imageUrl": "https://cdn.barbora.lv/products/fdcd0db1-4572-461a-a037-ecf422f68b3a_s.png",
    "available": true,
    "discount": null
  },
  {
    "shop": "RIMI",
    "categories": [
      2,
      2005
    ],
    "productName": "Kūka Kūko Rabarberu 230g",
    "productPriceOld": {
      "value": 3.99,
      "unit": "€"
    },
    "productPrice": {
      "value": 3.19,
      "unit": "€/gab"
    },
    "productPricePerUnit": {
      "value": 13.87,
      "unit": "€/kg"
    },
    "productPriceWithLoyaltyCard": null,
    "productPricePerUnitWithLoyaltyCard": null,
    "imageUrl": "https://rimibaltic-res.cloudinary.com/image/upload/d_ecommerce:backend-fallback.png/MAT_4001416_PCE_LV",
    "available": true,
    "discount": 20
  },
  {
    "shop": "RIMI",
    "categories": [
      2,
      2001,
      2001004
    ],
    "productName": "Sausmaizītes Crisp tumšās rudzu 215g",
    "productPriceOld": null,
    "productPrice": {
      "value": 2.99,
      "unit": "€/gab"
    },
    "productPricePerUnit": {
      "value": 13.91,
      "unit": "€/kg"
    },
    "productPriceWithLoyaltyCard": null,
    "productPricePerUnitWithLoyaltyCard": null,
    "imageUrl": "https://rimibaltic-res.cloudinary.com/image/upload/d_ecommerce:backend-fallback.png/MAT_916333_PCE_LV",
    "available": true,
    "discount": null
  },
  {
    "shop": "MAXIMA",
    "categories": [
      2,
      2001,
      2001004
    ],
    "productName": "Sausmaizītes FAZER CRISP tumšās rudzu 215g",
    "productPriceOld": null,
    "productPrice": {
      "value": 2.99,
      "unit": "€"
    },
    "productPricePerUnit": {
      "value": 13.91,
      "unit": "€/kg"
    },
    "productPriceWithLoyaltyCard": null,
    "productPricePerUnitWithLoyaltyCard": null,
    "imageUrl": "https://cdn.barbora.lv/products/76e14e0b-a655-4971-b1b6-2d9b83fa2201_s.png",
    "available": true,
    "discount": null
  },
  {
    "shop": "MAXIMA",
    "categories": [
      1,
      1001,
      1001003
    ],
    "productName": "Vīns KGM AKHASHENI 12% 0,75L",
    "productPriceOld": null,
    "productPrice": {
      "value": 10.45,
      "unit": "€"
    },
    "productPricePerUnit": {
      "value": 13.93,
      "unit": "€/l"
    },
    "productPriceWithLoyaltyCard": null,
    "productPricePerUnitWithLoyaltyCard": null,
    "imageUrl": "https://cdn.barbora.lv/products/aeb4bcf1-24d6-426b-9351-4092a41baf08_s.png",
    "available": true,
    "discount": null
  },
  {
    "shop": "MAXIMA",
    "categories": [
      1,
      1001,
      1001003
    ],
    "productName": "Vīns LVD CAPITELLES Merlot 14,5% 0,75L",
    "productPriceOld": null,
    "productPrice": {
      "value": 10.45,
      "unit": "€"
    },
    "productPricePerUnit": {
      "value": 13.93,
      "unit": "€/l"
    },
    "productPriceWithLoyaltyCard": null,
    "productPricePerUnitWithLoyaltyCard": null,
    "imageUrl": "https://cdn.barbora.lv/products/fd3da66c-0ada-4e04-b7e6-c0e772cbc5a7_s.png",
    "available": true,
    "discount": null
  },
  {
    "shop": "MAXIMA",
    "categories": [
      1,
      1001,
      1001003
    ],
    "productName": "Vīns TBILVINO TSINANDALI 12,5% 0,75l",
    "productPriceOld": null,
    "productPrice": {
      "value": 10.45,
      "unit": "€"
    },
    "productPricePerUnit": {
      "value": 13.93,
      "unit": "€/l"
    },
    "productPriceWithLoyaltyCard": null,
    "productPricePerUnitWithLoyaltyCard": null,
    "imageUrl": "https://cdn.barbora.lv/products/53815d22-1280-4018-8d9a-2cbfed9e79b3_s.png",
    "available": true,
    "discount": null
  },
  {
    "shop": "MAXIMA",
    "categories": [
      1,
      1001,
      1001003
    ],
    "productName": "Vīns LVD CAPITELLES Cab.Sauvig.14% 0,75L",
    "productPriceOld": null,
    "productPrice": {
      "value": 10.45,
      "unit": "€"
    },
    "productPricePerUnit": {
      "value": 13.93,
      "unit": "€/l"
    },
    "productPriceWithLoyaltyCard": null,
    "productPricePerUnitWithLoyaltyCard": null,
    "imageUrl": "https://cdn.barbora.lv/products/225e44f2-277b-4d04-aeb8-de82a5083c8d_s.png",
    "available": true,
    "discount": null
  },
  {
    "shop": "RIMI",
    "categories": [
      1,
      1001,
      10010016
    ],
    "productName": "Degvīns Beloff 37.5% 0,35l",
    "productPriceOld": null,
    "productPrice": {
      "value": 4.89,
      "unit": "€/gab"
    },
    "productPricePerUnit": {
      "value": 13.97,
      "unit": "€/l"
    },
    "productPriceWithLoyaltyCard": null,
    "productPricePerUnitWithLoyaltyCard": null,
    "imageUrl": "https://rimibaltic-res.cloudinary.com/image/upload/d_ecommerce:backend-fallback.png/MAT_801600_PCE_LV",
    "available": true,
    "discount": null
  },
  {
    "shop": "MAXIMA",
    "categories": [
      1,
      1001,
      10010016
    ],
    "productName": "Degvīns SOS 37,5 % 0,35L",
    "productPriceOld": null,
    "productPrice": {
      "value": 4.89,
      "unit": "€"
    },
    "productPricePerUnit": {
      "value": 13.97,
      "unit": "€/l"
    },
    "productPriceWithLoyaltyCard": null,
    "productPricePerUnitWithLoyaltyCard": null,
    "imageUrl": "https://cdn.barbora.lv/products/02e55535-bd3c-498e-bdfc-f4020fe9d1d2_s.png",
    "available": true,
    "discount": null
  },
  {
    "shop": "RIMI",
    "categories": [
      1,
      1001,
      10010013
    ],
    "productName": "Liķieris Dalkowski Advocaat 15% 0,5l",
    "productPriceOld": null,
    "productPrice": {
      "value": 9.99,
      "unit": "€/gab"
    },
    "productPricePerUnit": {
      "value": 19.98,
      "unit": "€/l"
    },
    "productPriceWithLoyaltyCard": {
      "value": 6.99,
      "unit": "€"
    },
    "productPricePerUnitWithLoyaltyCard": {
      "value": 13.98,
      "unit": "€/l"
    },
    "imageUrl": "https://rimibaltic-res.cloudinary.com/image/upload/d_ecommerce:backend-fallback.png/MAT_7295041_PCE_LV",
    "available": true,
    "discount": 30
  },
  {
    "shop": "RIMI",
    "categories": [
      1,
      1001,
      10010013
    ],
    "productName": "Krējuma liķieris Šarlote kafijas 17% 0,5l",
    "productPriceOld": null,
    "productPrice": {
      "value": 9.15,
      "unit": "€/gab"
    },
    "productPricePerUnit": {
      "value": 18.3,
      "unit": "€/l"
    },
    "productPriceWithLoyaltyCard": {
      "value": 6.99,
      "unit": "€"
    },
    "productPricePerUnitWithLoyaltyCard": {
      "value": 13.98,
      "unit": "€/l"
    },
    "imageUrl": "https://rimibaltic-res.cloudinary.com/image/upload/d_ecommerce:backend-fallback.png/MAT_7032942_PCE_LV",
    "available": true,
    "discount": 24
  },
  {
    "shop": "RIMI",
    "categories": [
      1,
      1001,
      10010013
    ],
    "productName": "Krējuma liķieris Šarlote balzama 17% 0,5l",
    "productPriceOld": null,
    "productPrice": {
      "value": 9.15,
      "unit": "€/gab"
    },
    "productPricePerUnit": {
      "value": 18.3,
      "unit": "€/l"
    },
    "productPriceWithLoyaltyCard": {
      "value": 6.99,
      "unit": "€"
    },
    "productPricePerUnitWithLoyaltyCard": {
      "value": 13.98,
      "unit": "€/l"
    },
    "imageUrl": "https://rimibaltic-res.cloudinary.com/image/upload/d_ecommerce:backend-fallback.png/MAT_7032939_PCE_LV",
    "available": true,
    "discount": 24
  },
  {
    "shop": "RIMI",
    "categories": [
      1,
      1001,
      10010013
    ],
    "productName": "Uzlējums Piparu Rūgtais 35% 0,5l",
    "productPriceOld": null,
    "productPrice": {
      "value": 9.29,
      "unit": "€/gab"
    },
    "productPricePerUnit": {
      "value": 18.58,
      "unit": "€/l"
    },
    "productPriceWithLoyaltyCard": {
      "value": 6.99,
      "unit": "€"
    },
    "productPricePerUnitWithLoyaltyCard": {
      "value": 13.98,
      "unit": "€/l"
    },
    "imageUrl": "https://rimibaltic-res.cloudinary.com/image/upload/d_ecommerce:backend-fallback.png/MAT_460022_PCE_LV",
    "available": true,
    "discount": 25
  },
  {
    "shop": "MAXIMA",
    "categories": [
      1,
      1001,
      1001003
    ],
    "productName": "Vīns MARQUES DE CACERES CRIANZA 13,5% 0,75L",
    "productPriceOld": {
      "value": 15.73,
      "unit": "€"
    },
    "productPrice": {
      "value": 15.73,
      "unit": "€"
    },
    "productPricePerUnit": {
      "value": 20.97,
      "unit": "€/l"
    },
    "productPriceWithLoyaltyCard": {
      "value": 10.49,
      "unit": "€"
    },
    "productPricePerUnitWithLoyaltyCard": {
      "value": 13.98,
      "unit": "€/l"
    },
    "imageUrl": "https://cdn.barbora.lv/products/8418f9c9-7515-4623-a08d-ebc10c08244a_s.png",
    "available": true,
    "discount": 33
  },
  {
    "shop": "MAXIMA",
    "categories": [
      1,
      1001,
      10010019
    ],
    "productName": "St.alk.dz.PIPARU RŪGT.AR MEDU 36% 0,5l D",
    "productPriceOld": {
      "value": 8.39,
      "unit": "€"
    },
    "productPrice": {
      "value": 6.99,
      "unit": "€"
    },
    "productPricePerUnit": {
      "value": 13.98,
      "unit": "€/l"
    },
    "productPriceWithLoyaltyCard": null,
    "productPricePerUnitWithLoyaltyCard": null,
    "imageUrl": "https://cdn.barbora.lv/products/8ea3dcdf-6a3b-48b9-a8c3-8bf1c6c823ff_s.png",
    "available": true,
    "discount": 17
  },
  {
    "shop": "CITRO",
    "categories": [
      1,
      1001,
      10010019
    ],
    "productName": "ST.ALK.DZ.PIPARU RŪGTAIS AR MEDU 36% 0.5L PET",
    "productPriceOld": {
      "value": 7.99,
      "unit": "€"
    },
    "productPrice": {
      "value": 6.99,
      "unit": "€"
    },
    "productPricePerUnit": {
      "value": 13.98,
      "unit": "€/L"
    },
    "productPriceWithLoyaltyCard": null,
    "productPricePerUnitWithLoyaltyCard": null,
    "imageUrl": "https://rezekne.citro.lv/wp-content/uploads/2023/03/4750021011993.jpeg",
    "available": true,
    "discount": 13
  },
  {
    "shop": "RIMI",
    "categories": [
      1,
      1001,
      1001003
    ],
    "productName": "S.v.B&G Cabernet Sauvignon Res. 13%0,75l",
    "productPriceOld": null,
    "productPrice": {
      "value": 10.49,
      "unit": "€/gab"
    },
    "productPricePerUnit": {
      "value": 13.99,
      "unit": "€/l"
    },
    "productPriceWithLoyaltyCard": null,
    "productPricePerUnitWithLoyaltyCard": null,
    "imageUrl": "https://rimibaltic-res.cloudinary.com/image/upload/d_ecommerce:backend-fallback.png/MAT_138207_PCE_LV",
    "available": true,
    "discount": null
  },
  {
    "shop": "RIMI",
    "categories": [
      1,
      1001,
      1001003
    ],
    "productName": "B.v. B&G Chardonnay Reserve 13% 0,75l",
    "productPriceOld": null,
    "productPrice": {
      "value": 10.49,
      "unit": "€/gab"
    },
    "productPricePerUnit": {
      "value": 13.99,
      "unit": "€/l"
    },
    "productPriceWithLoyaltyCard": null,
    "productPricePerUnitWithLoyaltyCard": null,
    "imageUrl": "https://rimibaltic-res.cloudinary.com/image/upload/d_ecommerce:backend-fallback.png/MAT_138206_PCE_LV",
    "available": true,
    "discount": null
  },
  {
    "shop": "RIMI",
    "categories": [
      1,
      1001,
      1001003
    ],
    "productName": "B.v. Vilamar Airen-Sauvignon Blanc 12% 0,75l",
    "productPriceOld": null,
    "productPrice": {
      "value": 10.49,
      "unit": "€/gab"
    },
    "productPricePerUnit": {
      "value": 13.99,
      "unit": "€/l"
    },
    "productPriceWithLoyaltyCard": null,
    "productPricePerUnitWithLoyaltyCard": null,
    "imageUrl": "https://rimibaltic-res.cloudinary.com/image/upload/d_ecommerce:backend-fallback.png/MAT_7290186_PCE_LV",
    "available": true,
    "discount": null
  },
  {
    "shop": "RIMI",
    "categories": [
      1,
      1001,
      1001003
    ],
    "productName": "B.v.B&G Sauvignon Reserve 11,5% 0,75l",
    "productPriceOld": null,
    "productPrice": {
      "value": 10.49,
      "unit": "€/gab"
    },
    "productPricePerUnit": {
      "value": 13.99,
      "unit": "€/l"
    },
    "productPriceWithLoyaltyCard": null,
    "productPricePerUnitWithLoyaltyCard": null,
    "imageUrl": "https://rimibaltic-res.cloudinary.com/image/upload/d_ecommerce:backend-fallback.png/MAT_140427_PCE_LV",
    "available": true,
    "discount": null
  },
  {
    "shop": "RIMI",
    "categories": [
      1,
      1001,
      1001003
    ],
    "productName": "B.v.B&G Sauvignon Reserve 11,5% 0,75l",
    "productPriceOld": null,
    "productPrice": {
      "value": 10.49,
      "unit": "€/gab"
    },
    "productPricePerUnit": {
      "value": 13.99,
      "unit": "€/l"
    },
    "productPriceWithLoyaltyCard": null,
    "productPricePerUnitWithLoyaltyCard": null,
    "imageUrl": "https://rimibaltic-res.cloudinary.com/image/upload/d_ecommerce:backend-fallback.png/MAT_140427_PCE_LV",
    "available": true,
    "discount": null
  },
  {
    "shop": "RIMI",
    "categories": [
      1,
      1001,
      1001003
    ],
    "productName": "Arom. vīna dzēr. Fragolino Giacob. 7,5% 0,75l",
    "productPriceOld": null,
    "productPrice": {
      "value": 10.49,
      "unit": "€/gab"
    },
    "productPricePerUnit": {
      "value": 13.99,
      "unit": "€/l"
    },
    "productPriceWithLoyaltyCard": null,
    "productPricePerUnitWithLoyaltyCard": null,
    "imageUrl": "https://rimibaltic-res.cloudinary.com/image/upload/d_ecommerce:backend-fallback.png/MAT_7220678_PCE_LV",
    "available": true,
    "discount": null
  },
  {
    "shop": "RIMI",
    "categories": [
      1,
      1001,
      1001003
    ],
    "productName": "S.v. B&G Merlot Reserve 13,5% 0,75l",
    "productPriceOld": null,
    "productPrice": {
      "value": 10.49,
      "unit": "€/gab"
    },
    "productPricePerUnit": {
      "value": 13.99,
      "unit": "€/l"
    },
    "productPriceWithLoyaltyCard": null,
    "productPricePerUnitWithLoyaltyCard": null,
    "imageUrl": "https://rimibaltic-res.cloudinary.com/image/upload/d_ecommerce:backend-fallback.png/MAT_138279_PCE_LV",
    "available": true,
    "discount": null
  },
  {
    "shop": "RIMI",
    "categories": [
      1,
      1001,
      1001003
    ],
    "productName": "S.v. B&G Merlot Reserve 13,5% 0,75l",
    "productPriceOld": null,
    "productPrice": {
      "value": 10.49,
      "unit": "€/gab"
    },
    "productPricePerUnit": {
      "value": 13.99,
      "unit": "€/l"
    },
    "productPriceWithLoyaltyCard": null,
    "productPricePerUnitWithLoyaltyCard": null,
    "imageUrl": "https://rimibaltic-res.cloudinary.com/image/upload/d_ecommerce:backend-fallback.png/MAT_138279_PCE_LV",
    "available": true,
    "discount": null
  },
  {
    "shop": "MAXIMA",
    "categories": [
      1,
      1001,
      1001003
    ],
    "productName": "VĪNS PAPALE PRIM.DE MAND.DOP 14% 0,75L",
    "productPriceOld": {
      "value": 16.35,
      "unit": "€"
    },
    "productPrice": {
      "value": 16.35,
      "unit": "€"
    },
    "productPricePerUnit": {
      "value": 21.8,
      "unit": "€/l"
    },
    "productPriceWithLoyaltyCard": {
      "value": 10.49,
      "unit": "€"
    },
    "productPricePerUnitWithLoyaltyCard": {
      "value": 13.99,
      "unit": "€/l"
    },
    "imageUrl": "https://cdn.barbora.lv/products/1e7d92bb-13c0-41df-941d-b5bbd8ce00f7_s.png",
    "available": true,
    "discount": 36
  },
  {
    "shop": "MAXIMA",
    "categories": [
      1,
      1001,
      1001003
    ],
    "productName": "Vīns TORRE DEL FALASCO Valpolicella Ripasso 14,5%0,75L",
    "productPriceOld": {
      "value": 15.48,
      "unit": "€"
    },
    "productPrice": {
      "value": 15.48,
      "unit": "€"
    },
    "productPricePerUnit": {
      "value": 20.64,
      "unit": "€/l"
    },
    "productPriceWithLoyaltyCard": {
      "value": 10.49,
      "unit": "€"
    },
    "productPricePerUnitWithLoyaltyCard": {
      "value": 13.99,
      "unit": "€/l"
    },
    "imageUrl": "https://cdn.barbora.lv/products/ab748e43-29b8-4759-8dc4-e5609ebc87f4_s.png",
    "available": true,
    "discount": 32
  },
  {
    "shop": "MAXIMA",
    "categories": [
      1,
      1001,
      1001003
    ],
    "productName": "Vīns GRAN MIRADOR Reserva 13,5% 0,75L",
    "productPriceOld": null,
    "productPrice": {
      "value": 10.49,
      "unit": "€"
    },
    "productPricePerUnit": {
      "value": 13.99,
      "unit": "€/l"
    },
    "productPriceWithLoyaltyCard": null,
    "productPricePerUnitWithLoyaltyCard": null,
    "imageUrl": "https://cdn.barbora.lv/products/c4968f57-6fbd-4380-b30b-814c11d0d439_s.png",
    "available": true,
    "discount": null
  },
  {
    "shop": "MAXIMA",
    "categories": [
      1,
      1001,
      1001003
    ],
    "productName": "Vīns ASKANELI SAPERAVI 13% 0,75L",
    "productPriceOld": null,
    "productPrice": {
      "value": 10.49,
      "unit": "€"
    },
    "productPricePerUnit": {
      "value": 13.99,
      "unit": "€/l"
    },
    "productPriceWithLoyaltyCard": null,
    "productPricePerUnitWithLoyaltyCard": null,
    "imageUrl": "https://cdn.barbora.lv/products/8b0552e8-7f37-45fa-8b47-bfe25098b208_s.png",
    "available": true,
    "discount": null
  },
  {
    "shop": "MAXIMA",
    "categories": [
      1,
      1001,
      1001003
    ],
    "productName": "Vīns CRUSE 6 GENERATION MEDOC 12,5% 0,75L",
    "productPriceOld": null,
    "productPrice": {
      "value": 10.49,
      "unit": "€"
    },
    "productPricePerUnit": {
      "value": 13.99,
      "unit": "€/l"
    },
    "productPriceWithLoyaltyCard": null,
    "productPricePerUnitWithLoyaltyCard": null,
    "imageUrl": "https://cdn.barbora.lv/products/e9ff0c1c-dec8-474f-93d8-a7cb39a51c6b_s.png",
    "available": true,
    "discount": null
  },
  {
    "shop": "MAXIMA",
    "categories": [
      2,
      2002
    ],
    "productName": "Torte Sāļā karamele MEISTARA MARKA kg",
    "productPriceOld": null,
    "productPrice": {
      "value": 13.99,
      "unit": "€"
    },
    "productPricePerUnit": {
      "value": 13.99,
      "unit": "€/kg"
    },
    "productPriceWithLoyaltyCard": null,
    "productPricePerUnitWithLoyaltyCard": null,
    "imageUrl": "https://cdn.barbora.lv/products/72d37670-1359-40f9-8941-8bee63d4eb09_s.png",
    "available": true,
    "discount": null
  },
  {
    "shop": "MAXIMA",
    "categories": [
      2,
      2002
    ],
    "productName": "Torte Olu liķiera MEISTARA MARKA kg",
    "productPriceOld": null,
    "productPrice": {
      "value": 13.99,
      "unit": "€"
    },
    "productPricePerUnit": {
      "value": 13.99,
      "unit": "€/kg"
    },
    "productPriceWithLoyaltyCard": null,
    "productPricePerUnitWithLoyaltyCard": null,
    "imageUrl": "https://cdn.barbora.lv/products/82617638-e479-4cd2-a29a-2f5ab788de7d_s.png",
    "available": true,
    "discount": null
  },
  {
    "shop": "MAXIMA",
    "categories": [
      2,
      2002
    ],
    "productName": "Torte Panna Cotta MEISTARA MARKA kg",
    "productPriceOld": null,
    "productPrice": {
      "value": 13.99,
      "unit": "€"
    },
    "productPricePerUnit": {
      "value": 13.99,
      "unit": "€/kg"
    },
    "productPriceWithLoyaltyCard": null,
    "productPricePerUnitWithLoyaltyCard": null,
    "imageUrl": "https://cdn.barbora.lv/products/39239577-4110-43e6-9978-fbbab19c7e41_s.png",
    "available": true,
    "discount": null
  },
  {
    "shop": "RIMI",
    "categories": [
      2,
      2005
    ],
    "productName": "Kūciņa kārtainā ābolu 85g",
    "productPriceOld": null,
    "productPrice": {
      "value": 1.19,
      "unit": "€/gab"
    },
    "productPricePerUnit": {
      "value": 14,
      "unit": "€/kg"
    },
    "productPriceWithLoyaltyCard": null,
    "productPricePerUnitWithLoyaltyCard": null,
    "imageUrl": "https://rimibaltic-res.cloudinary.com/image/upload/d_ecommerce:backend-fallback.png/MAT_286429_PCE_LV",
    "available": true,
    "discount": null
  },
  {
    "shop": "MAXIMA",
    "categories": [
      1,
      1001,
      1001003
    ],
    "productName": "V.F.HOFFNER RIESL.PR.FEINH.MOS.11% 0,75L",
    "productPriceOld": null,
    "productPrice": {
      "value": 10.5,
      "unit": "€"
    },
    "productPricePerUnit": {
      "value": 14,
      "unit": "€/l"
    },
    "productPriceWithLoyaltyCard": null,
    "productPricePerUnitWithLoyaltyCard": null,
    "imageUrl": "https://cdn.barbora.lv/products/f04a65ab-54bc-4aed-ac44-844d0dbbec1b_s.png",
    "available": true,
    "discount": null
  },
  {
    "shop": "MAXIMA",
    "categories": [
      2,
      2005
    ],
    "productName": "Profitroļi ar vaniļas brūkleņu krēmu MEISTARA MARKA 170g",
    "productPriceOld": null,
    "productPrice": {
      "value": 2.39,
      "unit": "€"
    },
    "productPricePerUnit": {
      "value": 14.06,
      "unit": "€/kg"
    },
    "productPriceWithLoyaltyCard": null,
    "productPricePerUnitWithLoyaltyCard": null,
    "imageUrl": "https://cdn.barbora.lv/products/cd066874-e6cd-4cbf-8af2-1917a022b553_s.png",
    "available": true,
    "discount": null
  },
  {
    "shop": "RIMI",
    "categories": [
      1,
      1001,
      1001003
    ],
    "productName": "R.v. Mateus Rose 11% 0,75l",
    "productPriceOld": null,
    "productPrice": {
      "value": 10.55,
      "unit": "€/gab"
    },
    "productPricePerUnit": {
      "value": 14.07,
      "unit": "€/l"
    },
    "productPriceWithLoyaltyCard": null,
    "productPricePerUnitWithLoyaltyCard": null,
    "imageUrl": "https://rimibaltic-res.cloudinary.com/image/upload/d_ecommerce:backend-fallback.png/MAT_105796_PCE_LV",
    "available": true,
    "discount": null
  },
  {
    "shop": "RIMI",
    "categories": [
      1,
      1001,
      1001003
    ],
    "productName": "B.v. Mateus White 10% 0,75l",
    "productPriceOld": null,
    "productPrice": {
      "value": 10.55,
      "unit": "€/gab"
    },
    "productPricePerUnit": {
      "value": 14.07,
      "unit": "€/l"
    },
    "productPriceWithLoyaltyCard": null,
    "productPricePerUnitWithLoyaltyCard": null,
    "imageUrl": "https://rimibaltic-res.cloudinary.com/image/upload/d_ecommerce:backend-fallback.png/MAT_460373_PCE_LV",
    "available": true,
    "discount": null
  },
  {
    "shop": "MAXIMA",
    "categories": [
      1,
      1001,
      1001003
    ],
    "productName": "Vīns MATEUS ROSE 11% 0,75L",
    "productPriceOld": null,
    "productPrice": {
      "value": 10.55,
      "unit": "€"
    },
    "productPricePerUnit": {
      "value": 14.07,
      "unit": "€/l"
    },
    "productPriceWithLoyaltyCard": null,
    "productPricePerUnitWithLoyaltyCard": null,
    "imageUrl": "https://cdn.barbora.lv/products/546f10b8-c07d-47bd-980b-049cbdec88b0_s.png",
    "available": true,
    "discount": null
  },
  {
    "shop": "RIMI",
    "categories": [
      2,
      2001,
      2001008,
      2001001
    ],
    "productName": "Lavašs pilngraudu 120g",
    "productPriceOld": null,
    "productPrice": {
      "value": 1.69,
      "unit": "€/gab"
    },
    "productPricePerUnit": {
      "value": 14.08,
      "unit": "€/kg"
    },
    "productPriceWithLoyaltyCard": null,
    "productPricePerUnitWithLoyaltyCard": null,
    "imageUrl": "https://rimibaltic-res.cloudinary.com/image/upload/d_ecommerce:backend-fallback.png/MAT_946609_PCE_LV",
    "available": true,
    "discount": null
  },
  {
    "shop": "MAXIMA",
    "categories": [
      2,
      2001,
      20010015
    ],
    "productName": "Galetes Rice Up brūno rīsu ar 7sēkl.120g",
    "productPriceOld": null,
    "productPrice": {
      "value": 1.69,
      "unit": "€"
    },
    "productPricePerUnit": {
      "value": 14.08,
      "unit": "€/kg"
    },
    "productPriceWithLoyaltyCard": null,
    "productPricePerUnitWithLoyaltyCard": null,
    "imageUrl": "https://cdn.barbora.lv/products/cea74a6b-f821-4621-baea-bc69fe36fc2b_s.png",
    "available": true,
    "discount": null
  },
  {
    "shop": "MAXIMA",
    "categories": [
      2,
      2001,
      2001008,
      2001001
    ],
    "productName": "Pilngraudu lavašs 120g",
    "productPriceOld": null,
    "productPrice": {
      "value": 1.69,
      "unit": "€"
    },
    "productPricePerUnit": {
      "value": 14.08,
      "unit": "€/kg"
    },
    "productPriceWithLoyaltyCard": null,
    "productPricePerUnitWithLoyaltyCard": null,
    "imageUrl": "https://cdn.barbora.lv/products/7a794632-0891-483c-acce-0e1938de9045_s.png",
    "available": true,
    "discount": null
  },
  {
    "shop": "MAXIMA",
    "categories": [
      2,
      2001,
      20010015
    ],
    "productName": "Galetes Rice Up brūno rīsu ar čia 120g",
    "productPriceOld": null,
    "productPrice": {
      "value": 1.69,
      "unit": "€"
    },
    "productPricePerUnit": {
      "value": 14.08,
      "unit": "€/kg"
    },
    "productPriceWithLoyaltyCard": null,
    "productPricePerUnitWithLoyaltyCard": null,
    "imageUrl": "https://cdn.barbora.lv/products/e4f3a0b9-2579-4696-9f63-7bf265b65bde_s.png",
    "available": true,
    "discount": null
  },
  {
    "shop": "MAXIMA",
    "categories": [
      2,
      2001,
      20010015
    ],
    "productName": "Galetes Rice Up br.rīsu ar him.sāli 120g",
    "productPriceOld": null,
    "productPrice": {
      "value": 1.69,
      "unit": "€"
    },
    "productPricePerUnit": {
      "value": 14.08,
      "unit": "€/kg"
    },
    "productPriceWithLoyaltyCard": null,
    "productPricePerUnitWithLoyaltyCard": null,
    "imageUrl": "https://cdn.barbora.lv/products/2bd4ee35-0c1a-4d39-963e-aa017efe905a_s.png",
    "available": true,
    "discount": null
  },
  {
    "shop": "RIMI",
    "categories": [
      2,
      2005
    ],
    "productName": "Kūka Kūko! aveņu 400g",
    "productPriceOld": null,
    "productPrice": {
      "value": 5.65,
      "unit": "€/gab"
    },
    "productPricePerUnit": {
      "value": 14.12,
      "unit": "€/kg"
    },
    "productPriceWithLoyaltyCard": null,
    "productPricePerUnitWithLoyaltyCard": null,
    "imageUrl": "https://rimibaltic-res.cloudinary.com/image/upload/d_ecommerce:backend-fallback.png/MAT_941040_PCE_LV",
    "available": true,
    "discount": null
  },
  {
    "shop": "RIMI",
    "categories": [
      1,
      1001,
      1001004
    ],
    "productName": "Dz.v. Freixenet Brut12% 0,75l",
    "productPriceOld": null,
    "productPrice": {
      "value": 10.59,
      "unit": "€/gab"
    },
    "productPricePerUnit": {
      "value": 14.12,
      "unit": "€/l"
    },
    "productPriceWithLoyaltyCard": null,
    "productPricePerUnitWithLoyaltyCard": null,
    "imageUrl": "https://rimibaltic-res.cloudinary.com/image/upload/d_ecommerce:backend-fallback.png/MAT_102119_PCE_LV",
    "available": true,
    "discount": null
  },
  {
    "shop": "RIMI",
    "categories": [
      1,
      1001,
      1001004
    ],
    "productName": "Dz.v. Freixenet Carta Nevada 11,5% 0,75l",
    "productPriceOld": null,
    "productPrice": {
      "value": 10.59,
      "unit": "€/gab"
    },
    "productPricePerUnit": {
      "value": 14.12,
      "unit": "€/l"
    },
    "productPriceWithLoyaltyCard": null,
    "productPricePerUnitWithLoyaltyCard": null,
    "imageUrl": "https://rimibaltic-res.cloudinary.com/image/upload/d_ecommerce:backend-fallback.png/MAT_678288_PCE_LV",
    "available": true,
    "discount": null
  },
  {
    "shop": "RIMI",
    "categories": [
      1,
      1001,
      1001003
    ],
    "productName": "Aroniju vīns Abavas pussausais 11% 0,75l",
    "productPriceOld": null,
    "productPrice": {
      "value": 10.59,
      "unit": "€/gab"
    },
    "productPricePerUnit": {
      "value": 14.12,
      "unit": "€/l"
    },
    "productPriceWithLoyaltyCard": null,
    "productPricePerUnitWithLoyaltyCard": null,
    "imageUrl": "https://rimibaltic-res.cloudinary.com/image/upload/d_ecommerce:backend-fallback.png/MAT_7295449_PCE_LV",
    "available": true,
    "discount": null
  },
  {
    "shop": "MAXIMA",
    "categories": [
      1,
      1001,
      1001003
    ],
    "productName": "Vīn.RESERVE DES LYS Ros.d'Anj.10,5%0,75L",
    "productPriceOld": null,
    "productPrice": {
      "value": 10.59,
      "unit": "€"
    },
    "productPricePerUnit": {
      "value": 14.12,
      "unit": "€/l"
    },
    "productPriceWithLoyaltyCard": null,
    "productPricePerUnitWithLoyaltyCard": null,
    "imageUrl": "https://cdn.barbora.lv/products/945e1e47-9e6a-4cc8-920b-508561c43a84_s.png",
    "available": true,
    "discount": null
  },
  {
    "shop": "MAXIMA",
    "categories": [
      1,
      1001,
      10010016
    ],
    "productName": "Degvīns MOSKOVSKAYA Osobaja 40% 1,0L",
    "productPriceOld": null,
    "productPrice": {
      "value": 14.14,
      "unit": "€"
    },
    "productPricePerUnit": {
      "value": 14.14,
      "unit": "€/l"
    },
    "productPriceWithLoyaltyCard": null,
    "productPricePerUnitWithLoyaltyCard": null,
    "imageUrl": "https://cdn.barbora.lv/products/ba529ecb-393c-4025-92e6-5e84326eb36a_s.png",
    "available": true,
    "discount": null
  },
  {
    "shop": "RIMI",
    "categories": [
      1,
      1002,
      10010020
    ],
    "productName": "Sula Oga smiltsērkšķu ar ingveru 60ml",
    "productPriceOld": null,
    "productPrice": {
      "value": 1.69,
      "unit": "€/gab"
    },
    "productPricePerUnit": {
      "value": 28.17,
      "unit": "€/l"
    },
    "productPriceWithLoyaltyCard": {
      "value": 1.69,
      "unit": "€"
    },
    "productPricePerUnitWithLoyaltyCard": {
      "value": 14.17,
      "unit": "€/l"
    },
    "imageUrl": "https://rimibaltic-res.cloudinary.com/image/upload/d_ecommerce:backend-fallback.png/MAT_997756_PCE_LV",
    "available": true,
    "discount": 0
  },
  {
    "shop": "RIMI",
    "categories": [
      1,
      1002,
      10010020
    ],
    "productName": "Sula Oga dzērveņu ar kanēli 60ml",
    "productPriceOld": null,
    "productPrice": {
      "value": 1.69,
      "unit": "€/gab"
    },
    "productPricePerUnit": {
      "value": 28.17,
      "unit": "€/l"
    },
    "productPriceWithLoyaltyCard": {
      "value": 1.69,
      "unit": "€"
    },
    "productPricePerUnitWithLoyaltyCard": {
      "value": 14.17,
      "unit": "€/l"
    },
    "imageUrl": "https://rimibaltic-res.cloudinary.com/image/upload/d_ecommerce:backend-fallback.png/MAT_997738_PCE_LV",
    "available": true,
    "discount": 0
  },
  {
    "shop": "RIMI",
    "categories": [
      1,
      1002,
      10010020
    ],
    "productName": "Sula Oga cidoniju ar medu 60ml",
    "productPriceOld": null,
    "productPrice": {
      "value": 1.69,
      "unit": "€/gab"
    },
    "productPricePerUnit": {
      "value": 28.17,
      "unit": "€/l"
    },
    "productPriceWithLoyaltyCard": {
      "value": 1.69,
      "unit": "€"
    },
    "productPricePerUnitWithLoyaltyCard": {
      "value": 14.17,
      "unit": "€/l"
    },
    "imageUrl": "https://rimibaltic-res.cloudinary.com/image/upload/d_ecommerce:backend-fallback.png/MAT_997757_PCE_LV",
    "available": true,
    "discount": 0
  },
  {
    "shop": "RIMI",
    "categories": [
      1,
      1002,
      10010020
    ],
    "productName": "Augļu sula Oga ar greipfrūtu, ingveru 60ml",
    "productPriceOld": null,
    "productPrice": {
      "value": 1.69,
      "unit": "€/gab"
    },
    "productPricePerUnit": {
      "value": 28.17,
      "unit": "€/l"
    },
    "productPriceWithLoyaltyCard": {
      "value": 1.69,
      "unit": "€"
    },
    "productPricePerUnitWithLoyaltyCard": {
      "value": 14.17,
      "unit": "€/l"
    },
    "imageUrl": "https://rimibaltic-res.cloudinary.com/image/upload/d_ecommerce:backend-fallback.png/MAT_4005437_PCE_LV",
    "available": true,
    "discount": 0
  },
  {
    "shop": "RIMI",
    "categories": [
      1,
      1002,
      10010020
    ],
    "productName": "Sula Oga upeņu ar kajēnas pipariem 60ml",
    "productPriceOld": null,
    "productPrice": {
      "value": 1.69,
      "unit": "€/gab"
    },
    "productPricePerUnit": {
      "value": 28.17,
      "unit": "€/l"
    },
    "productPriceWithLoyaltyCard": {
      "value": 1.69,
      "unit": "€"
    },
    "productPricePerUnitWithLoyaltyCard": {
      "value": 14.17,
      "unit": "€/l"
    },
    "imageUrl": "https://rimibaltic-res.cloudinary.com/image/upload/d_ecommerce:backend-fallback.png/MAT_997755_PCE_LV",
    "available": true,
    "discount": 0
  },
  {
    "shop": "RIMI",
    "categories": [
      2,
      2005
    ],
    "productName": "Kūka Vējo putukrējuma ar želejas gab. 450g",
    "productPriceOld": {
      "value": 7.29,
      "unit": "€"
    },
    "productPrice": {
      "value": 6.39,
      "unit": "€/gab"
    },
    "productPricePerUnit": {
      "value": 14.2,
      "unit": "€/kg"
    },
    "productPriceWithLoyaltyCard": null,
    "productPricePerUnitWithLoyaltyCard": null,
    "imageUrl": "https://rimibaltic-res.cloudinary.com/image/upload/d_ecommerce:backend-fallback.png/MAT_929793_PCE_LV",
    "available": true,
    "discount": 12
  },
  {
    "shop": "RIMI",
    "categories": [
      2,
      2001,
      20010010
    ],
    "productName": "Polārmaize Fazer Street Food 140g",
    "productPriceOld": null,
    "productPrice": {
      "value": 1.99,
      "unit": "€/gab"
    },
    "productPricePerUnit": {
      "value": 14.21,
      "unit": "€/kg"
    },
    "productPriceWithLoyaltyCard": null,
    "productPricePerUnitWithLoyaltyCard": null,
    "imageUrl": "https://rimibaltic-res.cloudinary.com/image/upload/d_ecommerce:backend-fallback.png/MAT_4000379_PCE_LV",
    "available": true,
    "discount": null
  },
  {
    "shop": "MAXIMA",
    "categories": [
      1,
      1001,
      1001003
    ],
    "productName": "Dzirkstošais vīns TOSO ASTI 7% 0,75l",
    "productPriceOld": null,
    "productPrice": {
      "value": 10.66,
      "unit": "€"
    },
    "productPricePerUnit": {
      "value": 14.21,
      "unit": "€/l"
    },
    "productPriceWithLoyaltyCard": null,
    "productPricePerUnitWithLoyaltyCard": null,
    "imageUrl": "https://cdn.barbora.lv/products/a17b1298-d32d-4740-90db-ed3cca56af95_s.png",
    "available": true,
    "discount": null
  },
  {
    "shop": "MAXIMA",
    "categories": [
      1,
      1001,
      1001003
    ],
    "productName": "Vīns Primitivo Puglia ALTO PASSO 13% 0,75L",
    "productPriceOld": null,
    "productPrice": {
      "value": 10.68,
      "unit": "€"
    },
    "productPricePerUnit": {
      "value": 14.24,
      "unit": "€/l"
    },
    "productPriceWithLoyaltyCard": null,
    "productPricePerUnitWithLoyaltyCard": null,
    "imageUrl": "https://cdn.barbora.lv/products/8ce8b762-c0fb-449b-933d-82300077f9e2_s.png",
    "available": true,
    "discount": null
  },
  {
    "shop": "RIMI",
    "categories": [
      1,
      1003,
      1003003
    ],
    "productName": "Bezalkoholiskais vīns Codorniu Zero 0,75l",
    "productPriceOld": null,
    "productPrice": {
      "value": 10.69,
      "unit": "€/gab"
    },
    "productPricePerUnit": {
      "value": 14.25,
      "unit": "€/l"
    },
    "productPriceWithLoyaltyCard": null,
    "productPricePerUnitWithLoyaltyCard": null,
    "imageUrl": "https://rimibaltic-res.cloudinary.com/image/upload/d_ecommerce:backend-fallback.png/MAT_7218742_PCE_LV",
    "available": true,
    "discount": null
  },
  {
    "shop": "MAXIMA",
    "categories": [
      1,
      1003,
      1003004
    ],
    "productName": "Dz.vīns CODORNIU Zero Rose b/a 750ml D",
    "productPriceOld": null,
    "productPrice": {
      "value": 10.69,
      "unit": "€"
    },
    "productPricePerUnit": {
      "value": 14.25,
      "unit": "€/l"
    },
    "productPriceWithLoyaltyCard": null,
    "productPricePerUnitWithLoyaltyCard": null,
    "imageUrl": "https://cdn.barbora.lv/products/63162268-31d4-42e4-81b2-a1b807606347_s.png",
    "available": true,
    "discount": null
  },
  {
    "shop": "MAXIMA",
    "categories": [
      1,
      1001,
      1001003
    ],
    "productName": "Vīns CHATEAU HAUT FLORIN 12% 0,75L",
    "productPriceOld": null,
    "productPrice": {
      "value": 10.69,
      "unit": "€"
    },
    "productPricePerUnit": {
      "value": 14.25,
      "unit": "€/l"
    },
    "productPriceWithLoyaltyCard": null,
    "productPricePerUnitWithLoyaltyCard": null,
    "imageUrl": "https://cdn.barbora.lv/products/f5792df9-0bf5-4165-9792-ba1d30d90f9e_s.png",
    "available": true,
    "discount": null
  },
  {
    "shop": "MAXIMA",
    "categories": [
      1,
      1001,
      1001003
    ],
    "productName": "Vīns GALLO FAMILY Pinot Grig.11,5% 0,75L",
    "productPriceOld": null,
    "productPrice": {
      "value": 10.69,
      "unit": "€"
    },
    "productPricePerUnit": {
      "value": 14.25,
      "unit": "€/l"
    },
    "productPriceWithLoyaltyCard": null,
    "productPricePerUnitWithLoyaltyCard": null,
    "imageUrl": "https://cdn.barbora.lv/products/d7727421-0459-45b0-9cdb-2b014cde3e5b_s.png",
    "available": true,
    "discount": null
  },
  {
    "shop": "MAXIMA",
    "categories": [
      1,
      1001,
      1001003
    ],
    "productName": "Vīns BUSY BEE Chenin Blanc 12% 0,75L",
    "productPriceOld": null,
    "productPrice": {
      "value": 10.69,
      "unit": "€"
    },
    "productPricePerUnit": {
      "value": 14.25,
      "unit": "€/l"
    },
    "productPriceWithLoyaltyCard": null,
    "productPricePerUnitWithLoyaltyCard": null,
    "imageUrl": "https://cdn.barbora.lv/products/fa7504af-3a67-4249-8b02-67bab991048c_s.png",
    "available": true,
    "discount": null
  },
  {
    "shop": "MAXIMA",
    "categories": [
      1,
      1001,
      1001003
    ],
    "productName": "Vīns BUSY BEE Pinotage 12% 0,75L",
    "productPriceOld": null,
    "productPrice": {
      "value": 10.69,
      "unit": "€"
    },
    "productPricePerUnit": {
      "value": 14.25,
      "unit": "€/l"
    },
    "productPriceWithLoyaltyCard": null,
    "productPricePerUnitWithLoyaltyCard": null,
    "imageUrl": "https://cdn.barbora.lv/products/860698f4-342e-498c-8818-e5e49ea257cd_s.png",
    "available": true,
    "discount": null
  },
  {
    "shop": "MAXIMA",
    "categories": [
      1,
      1001,
      1001003
    ],
    "productName": "Vīns GALLO FAMILY Cab.Sauvignon 13%0,75L",
    "productPriceOld": null,
    "productPrice": {
      "value": 10.69,
      "unit": "€"
    },
    "productPricePerUnit": {
      "value": 14.25,
      "unit": "€/l"
    },
    "productPriceWithLoyaltyCard": null,
    "productPricePerUnitWithLoyaltyCard": null,
    "imageUrl": "https://cdn.barbora.lv/products/ea945673-f4b6-4ab8-ba05-b23f29b64702_s.png",
    "available": true,
    "discount": null
  },
  {
    "shop": "MAXIMA",
    "categories": [
      1,
      1001,
      1001003
    ],
    "productName": "Vīns BUSY BEE Shiraz Mourvedre 12% 0,75L",
    "productPriceOld": null,
    "productPrice": {
      "value": 10.69,
      "unit": "€"
    },
    "productPricePerUnit": {
      "value": 14.25,
      "unit": "€/l"
    },
    "productPriceWithLoyaltyCard": null,
    "productPricePerUnitWithLoyaltyCard": null,
    "imageUrl": "https://cdn.barbora.lv/products/ee838da3-138d-4988-988e-903cdf1b4236_s.png",
    "available": true,
    "discount": null
  },
  {
    "shop": "MAXIMA",
    "categories": [
      2,
      2007
    ],
    "productName": "Kēkss MARCIPĀNA 270g",
    "productPriceOld": null,
    "productPrice": {
      "value": 3.85,
      "unit": "€"
    },
    "productPricePerUnit": {
      "value": 14.26,
      "unit": "€/kg"
    },
    "productPriceWithLoyaltyCard": null,
    "productPricePerUnitWithLoyaltyCard": null,
    "imageUrl": "https://cdn.barbora.lv/products/e5bd6ec5-9971-48e7-b2fb-2d7575dc9fa7_s.png",
    "available": true,
    "discount": null
  },
  {
    "shop": "MAXIMA",
    "categories": [
      1,
      1001,
      10010016
    ],
    "productName": "Degvīns MOSKOVSKAYA Osobaja 40% 0,7L",
    "productPriceOld": {
      "value": 10.31,
      "unit": "€"
    },
    "productPrice": {
      "value": 10.31,
      "unit": "€"
    },
    "productPricePerUnit": {
      "value": 14.73,
      "unit": "€/l"
    },
    "productPriceWithLoyaltyCard": {
      "value": 9.99,
      "unit": "€"
    },
    "productPricePerUnitWithLoyaltyCard": {
      "value": 14.27,
      "unit": "€/l"
    },
    "imageUrl": "https://cdn.barbora.lv/products/3029f735-288f-4819-a255-763885f7a3a2_s.png",
    "available": true,
    "discount": 3
  },
  {
    "shop": "RIMI",
    "categories": [
      2,
      2001,
      20010015
    ],
    "productName": "Sausiņi rozīņu maizes 300g",
    "productPriceOld": null,
    "productPrice": {
      "value": 4.3,
      "unit": "€/gab"
    },
    "productPricePerUnit": {
      "value": 14.33,
      "unit": "€/kg"
    },
    "productPriceWithLoyaltyCard": null,
    "productPricePerUnitWithLoyaltyCard": null,
    "imageUrl": "https://rimibaltic-res.cloudinary.com/image/upload/d_ecommerce:backend-fallback.png/MAT_944796_PCE_LV",
    "available": true,
    "discount": null
  },
  {
    "shop": "RIMI",
    "categories": [
      2,
      2008
    ],
    "productName": "Virtulis Panna Cotta ar dub.pil.atkausēts 69g",
    "productPriceOld": null,
    "productPrice": {
      "value": 0.99,
      "unit": "€/gab"
    },
    "productPricePerUnit": {
      "value": 14.35,
      "unit": "€/kg"
    },
    "productPriceWithLoyaltyCard": null,
    "productPricePerUnitWithLoyaltyCard": null,
    "imageUrl": "https://rimibaltic-res.cloudinary.com/image/upload/d_ecommerce:backend-fallback.png/MAT_980887_PCE_LV",
    "available": true,
    "discount": null
  },
  {
    "shop": "MAXIMA",
    "categories": [
      1,
      1001,
      1001006
    ],
    "productName": "Vermuts MARTINI Bianco 15% 0,5L",
    "productPriceOld": {
      "value": 9.66,
      "unit": "€"
    },
    "productPrice": {
      "value": 9.66,
      "unit": "€"
    },
    "productPricePerUnit": {
      "value": 19.32,
      "unit": "€/l"
    },
    "productPriceWithLoyaltyCard": {
      "value": 7.19,
      "unit": "€"
    },
    "productPricePerUnitWithLoyaltyCard": {
      "value": 14.38,
      "unit": "€/l"
    },
    "imageUrl": "https://cdn.barbora.lv/products/9f4faddd-2cb4-4b89-9c9d-81ea5d8965d9_s.png",
    "available": true,
    "discount": 26
  },
  {
    "shop": "MAXIMA",
    "categories": [
      1,
      1001,
      10010016
    ],
    "productName": "Degvīns MOSKOVSKAYA Osobaja 40% 0,5L",
    "productPriceOld": {
      "value": 7.72,
      "unit": "€"
    },
    "productPrice": {
      "value": 7.72,
      "unit": "€"
    },
    "productPricePerUnit": {
      "value": 15.44,
      "unit": "€/l"
    },
    "productPriceWithLoyaltyCard": {
      "value": 7.19,
      "unit": "€"
    },
    "productPricePerUnitWithLoyaltyCard": {
      "value": 14.38,
      "unit": "€/l"
    },
    "imageUrl": "https://cdn.barbora.lv/products/65ec5f72-691b-458f-a0f0-7fdd67992d38_s.png",
    "available": true,
    "discount": 7
  },
  {
    "shop": "RIMI",
    "categories": [
      2,
      2001,
      2001008,
      2001001
    ],
    "productName": "Pilngraudu sausmaizītes Mario 155g",
    "productPriceOld": null,
    "productPrice": {
      "value": 2.23,
      "unit": "€/gab"
    },
    "productPricePerUnit": {
      "value": 14.39,
      "unit": "€/kg"
    },
    "productPriceWithLoyaltyCard": null,
    "productPricePerUnitWithLoyaltyCard": null,
    "imageUrl": "https://rimibaltic-res.cloudinary.com/image/upload/d_ecommerce:backend-fallback.png/MAT_971889_PCE_LV",
    "available": true,
    "discount": null
  },
  {
    "shop": "RIMI",
    "categories": [
      1,
      1001,
      1001003
    ],
    "productName": "B.v. Grand Noir Sauv. Blanc 12,5% 0,75l",
    "productPriceOld": null,
    "productPrice": {
      "value": 10.79,
      "unit": "€/gab"
    },
    "productPricePerUnit": {
      "value": 14.39,
      "unit": "€/l"
    },
    "productPriceWithLoyaltyCard": null,
    "productPricePerUnitWithLoyaltyCard": null,
    "imageUrl": "https://rimibaltic-res.cloudinary.com/image/upload/d_ecommerce:backend-fallback.png/MAT_7108565_PCE_LV",
    "available": true,
    "discount": null
  },
  {
    "shop": "RIMI",
    "categories": [
      1,
      1001,
      1001003
    ],
    "productName": "S.v. Grand Noir Cab.Shiraz 13.5%0.75L",
    "productPriceOld": null,
    "productPrice": {
      "value": 10.79,
      "unit": "€/gab"
    },
    "productPricePerUnit": {
      "value": 14.39,
      "unit": "€/l"
    },
    "productPriceWithLoyaltyCard": null,
    "productPricePerUnitWithLoyaltyCard": null,
    "imageUrl": "https://rimibaltic-res.cloudinary.com/image/upload/d_ecommerce:backend-fallback.png/MAT_7083458_PCE_LV",
    "available": true,
    "discount": null
  },
  {
    "shop": "RIMI",
    "categories": [
      1,
      1001,
      1001003
    ],
    "productName": "S.v. Grand Noir GSM 13% 0,75lL",
    "productPriceOld": null,
    "productPrice": {
      "value": 10.79,
      "unit": "€/gab"
    },
    "productPricePerUnit": {
      "value": 14.39,
      "unit": "€/l"
    },
    "productPriceWithLoyaltyCard": null,
    "productPricePerUnitWithLoyaltyCard": null,
    "imageUrl": "https://rimibaltic-res.cloudinary.com/image/upload/d_ecommerce:backend-fallback.png/MAT_7029730_PCE_LV",
    "available": true,
    "discount": null
  },
  {
    "shop": "MAXIMA",
    "categories": [
      1,
      1003,
      1003003
    ],
    "productName": "Gāz.vīns J.P.CHENET Pin.Noir b/a 750ml D",
    "productPriceOld": null,
    "productPrice": {
      "value": 10.79,
      "unit": "€"
    },
    "productPricePerUnit": {
      "value": 14.39,
      "unit": "€/l"
    },
    "productPriceWithLoyaltyCard": null,
    "productPricePerUnitWithLoyaltyCard": null,
    "imageUrl": "https://cdn.barbora.lv/products/9336cca0-ce30-49c8-b0a9-56ccc0fa647f_s.png",
    "available": true,
    "discount": null
  },
  {
    "shop": "MAXIMA",
    "categories": [
      1,
      1001,
      1001003
    ],
    "productName": "Dzirkstošais vīns CODORNIU Brut Cava BIO 11,5% 0,75L",
    "productPriceOld": null,
    "productPrice": {
      "value": 10.79,
      "unit": "€"
    },
    "productPricePerUnit": {
      "value": 14.39,
      "unit": "€/l"
    },
    "productPriceWithLoyaltyCard": null,
    "productPricePerUnitWithLoyaltyCard": null,
    "imageUrl": "https://cdn.barbora.lv/products/8296e207-da2b-4ab0-85e5-5360ad36b3dd_s.png",
    "available": true,
    "discount": null
  },
  {
    "shop": "MAXIMA",
    "categories": [
      1,
      1001,
      1001004
    ],
    "productName": "Dz.vīns CODORNIU S.Seco BIO 11,5% 0,75L",
    "productPriceOld": null,
    "productPrice": {
      "value": 10.79,
      "unit": "€"
    },
    "productPricePerUnit": {
      "value": 14.39,
      "unit": "€/l"
    },
    "productPriceWithLoyaltyCard": null,
    "productPricePerUnitWithLoyaltyCard": null,
    "imageUrl": "https://cdn.barbora.lv/products/0a829c40-529e-4f6f-ba1e-93a1a349683c_s.png",
    "available": true,
    "discount": null
  },
  {
    "shop": "MAXIMA",
    "categories": [
      1,
      1001,
      1001003
    ],
    "productName": "Vīns JOHANN BRUNNER Riesling Mosel 9.5%0,187L",
    "productPriceOld": null,
    "productPrice": {
      "value": 2.69,
      "unit": "€"
    },
    "productPricePerUnit": {
      "value": 14.39,
      "unit": "€/l"
    },
    "productPriceWithLoyaltyCard": null,
    "productPricePerUnitWithLoyaltyCard": null,
    "imageUrl": "https://cdn.barbora.lv/products/e92da519-6a68-47fb-a81a-e0cf0931c769_s.png",
    "available": true,
    "discount": null
  },
  {
    "shop": "MAXIMA",
    "categories": [
      1,
      1001,
      1001003
    ],
    "productName": "Vīns ROBERTSON NATURAL SWEET RED 7,5% 0,75L",
    "productPriceOld": null,
    "productPrice": {
      "value": 10.79,
      "unit": "€"
    },
    "productPricePerUnit": {
      "value": 14.39,
      "unit": "€/l"
    },
    "productPriceWithLoyaltyCard": null,
    "productPricePerUnitWithLoyaltyCard": null,
    "imageUrl": "https://cdn.barbora.lv/products/cad8a6f9-ba25-49c2-a7d0-e1d04d0e1bf9_s.png",
    "available": true,
    "discount": null
  },
  {
    "shop": "MAXIMA",
    "categories": [
      1,
      1001,
      1001003
    ],
    "productName": "Vīns NANATI Alazani Valley Red 12% 0,75L",
    "productPriceOld": null,
    "productPrice": {
      "value": 10.79,
      "unit": "€"
    },
    "productPricePerUnit": {
      "value": 14.39,
      "unit": "€/l"
    },
    "productPriceWithLoyaltyCard": null,
    "productPricePerUnitWithLoyaltyCard": null,
    "imageUrl": "https://cdn.barbora.lv/products/cca074fa-b2a4-4c71-852b-cd3d4bd56092_s.png",
    "available": true,
    "discount": null
  },
  {
    "shop": "MAXIMA",
    "categories": [
      1,
      1001,
      1001003
    ],
    "productName": "Vīns ROBERTSON NAT.SWEET WHITE 7,5%0,75L",
    "productPriceOld": null,
    "productPrice": {
      "value": 10.79,
      "unit": "€"
    },
    "productPricePerUnit": {
      "value": 14.39,
      "unit": "€/l"
    },
    "productPriceWithLoyaltyCard": null,
    "productPricePerUnitWithLoyaltyCard": null,
    "imageUrl": "https://cdn.barbora.lv/products/c5605320-823d-4dbf-80ee-4e7239dfc954_s.png",
    "available": true,
    "discount": null
  },
  {
    "shop": "MAXIMA",
    "categories": [
      1,
      1001,
      1001003
    ],
    "productName": "Vīns PICCINI BUON GOVERNO 13% 0,75L",
    "productPriceOld": null,
    "productPrice": {
      "value": 10.81,
      "unit": "€"
    },
    "productPricePerUnit": {
      "value": 14.41,
      "unit": "€/l"
    },
    "productPriceWithLoyaltyCard": null,
    "productPricePerUnitWithLoyaltyCard": null,
    "imageUrl": "https://cdn.barbora.lv/products/e0506d29-c879-4c44-a4a6-30688045f8d0_s.png",
    "available": true,
    "discount": null
  },
  {
    "shop": "MAXIMA",
    "categories": [
      2,
      2005
    ],
    "productName": "Kūka biezpiena SVĒTKU 450g",
    "productPriceOld": null,
    "productPrice": {
      "value": 6.49,
      "unit": "€"
    },
    "productPricePerUnit": {
      "value": 14.42,
      "unit": "€/kg"
    },
    "productPriceWithLoyaltyCard": null,
    "productPricePerUnitWithLoyaltyCard": null,
    "imageUrl": "https://cdn.barbora.lv/products/110ac9c6-8d44-4940-9330-0e463f85d480_s.png",
    "available": true,
    "discount": null
  },
  {
    "shop": "MAXIMA",
    "categories": [
      1,
      1001,
      1001009
    ],
    "productName": "Viskijs RENDALLS Blended Scotch 40% 1L",
    "productPriceOld": null,
    "productPrice": {
      "value": 14.44,
      "unit": "€"
    },
    "productPricePerUnit": {
      "value": 14.44,
      "unit": "€/l"
    },
    "productPriceWithLoyaltyCard": null,
    "productPricePerUnitWithLoyaltyCard": null,
    "imageUrl": "https://cdn.barbora.lv/products/1ae153c0-b278-453e-8b9e-06338351b459_s.png",
    "available": true,
    "discount": null
  },
  {
    "shop": "MAXIMA",
    "categories": [
      1,
      1001,
      1001003
    ],
    "productName": "Vīns TBILVINO KISI 11,5% 0,75L",
    "productPriceOld": null,
    "productPrice": {
      "value": 10.84,
      "unit": "€"
    },
    "productPricePerUnit": {
      "value": 14.45,
      "unit": "€/l"
    },
    "productPriceWithLoyaltyCard": null,
    "productPricePerUnitWithLoyaltyCard": null,
    "imageUrl": "https://cdn.barbora.lv/products/d05770d0-d417-4767-8ce4-afed19be2126_s.png",
    "available": true,
    "discount": null
  },
  {
    "shop": "MAXIMA",
    "categories": [
      1,
      1001,
      1001004
    ],
    "productName": "Dz.vīns FREIXENET Semi Seco 11,5% 0,75L",
    "productPriceOld": null,
    "productPrice": {
      "value": 10.85,
      "unit": "€"
    },
    "productPricePerUnit": {
      "value": 14.47,
      "unit": "€/l"
    },
    "productPriceWithLoyaltyCard": null,
    "productPricePerUnitWithLoyaltyCard": null,
    "imageUrl": "https://cdn.barbora.lv/products/066ff3a8-f00a-4c70-b074-109193157040_s.png",
    "available": true,
    "discount": null
  },
  {
    "shop": "MAXIMA",
    "categories": [
      1,
      1001,
      1001003
    ],
    "productName": "Dzirkst.vīns FREIXENET Brut 11,5% 0,75L",
    "productPriceOld": null,
    "productPrice": {
      "value": 10.85,
      "unit": "€"
    },
    "productPricePerUnit": {
      "value": 14.47,
      "unit": "€/l"
    },
    "productPriceWithLoyaltyCard": null,
    "productPricePerUnitWithLoyaltyCard": null,
    "imageUrl": "https://cdn.barbora.lv/products/a2002372-a3a6-4996-8e70-e1d2c8ba4cbd_s.png",
    "available": true,
    "discount": null
  },
  {
    "shop": "MAXIMA",
    "categories": [
      1,
      1001,
      1001003
    ],
    "productName": "Dzirkst.vīns FREIXENET Dulce 11,5% 0,75L",
    "productPriceOld": null,
    "productPrice": {
      "value": 10.85,
      "unit": "€"
    },
    "productPricePerUnit": {
      "value": 14.47,
      "unit": "€/l"
    },
    "productPriceWithLoyaltyCard": null,
    "productPricePerUnitWithLoyaltyCard": null,
    "imageUrl": "https://cdn.barbora.lv/products/ea0a8581-e964-4b5b-b8ee-3d703dabcd47_s.png",
    "available": true,
    "discount": null
  },
  {
    "shop": "CITRO",
    "categories": [
      1,
      1001,
      10010013
    ],
    "productName": "LIĶIERIS MOKA 30% 0.5L",
    "productPriceOld": null,
    "productPrice": null,
    "productPricePerUnit": {
      "value": 14.5,
      "unit": "€/L"
    },
    "productPriceWithLoyaltyCard": null,
    "productPricePerUnitWithLoyaltyCard": null,
    "imageUrl": "https://rezekne.citro.lv/wp-content/uploads/2020/08/4750021310256-300x300.jpg",
    "available": true,
    "discount": null
  },
  {
    "shop": "RIMI",
    "categories": [
      1,
      1003,
      1003003
    ],
    "productName": "Bezalko.baltvīns Dr.Loosen Riesling 0% 0,75l",
    "productPriceOld": null,
    "productPrice": {
      "value": 10.89,
      "unit": "€/gab"
    },
    "productPricePerUnit": {
      "value": 14.52,
      "unit": "€/l"
    },
    "productPriceWithLoyaltyCard": null,
    "productPricePerUnitWithLoyaltyCard": null,
    "imageUrl": "https://rimibaltic-res.cloudinary.com/image/upload/d_ecommerce:backend-fallback.png/MAT_1373693_PCE_LV",
    "available": true,
    "discount": null
  },
  {
    "shop": "MAXIMA",
    "categories": [
      1,
      1001,
      1001003
    ],
    "productName": "Vīns SANDHILL SAUVIG. BLANC 12,5% 0,75L",
    "productPriceOld": null,
    "productPrice": {
      "value": 10.89,
      "unit": "€"
    },
    "productPricePerUnit": {
      "value": 14.52,
      "unit": "€/l"
    },
    "productPriceWithLoyaltyCard": null,
    "productPricePerUnitWithLoyaltyCard": null,
    "imageUrl": "https://cdn.barbora.lv/products/884779c7-9814-4a02-8000-88ccd6a444de_s.png",
    "available": true,
    "discount": null
  },
  {
    "shop": "MAXIMA",
    "categories": [
      1,
      1001,
      1001003
    ],
    "productName": "Vīns PAUL MAS ORGANIC 13,5% 0,75L",
    "productPriceOld": null,
    "productPrice": {
      "value": 10.89,
      "unit": "€"
    },
    "productPricePerUnit": {
      "value": 14.52,
      "unit": "€/l"
    },
    "productPriceWithLoyaltyCard": null,
    "productPricePerUnitWithLoyaltyCard": null,
    "imageUrl": "https://cdn.barbora.lv/products/b68f2d57-78a9-4ea3-bffa-e08f4d79b8ef_s.png",
    "available": true,
    "discount": null
  },
  {
    "shop": "MAXIMA",
    "categories": [
      1,
      1001,
      1001003
    ],
    "productName": "Vīns CONDE VALDEMAR Tempranillo13,5%0,75L",
    "productPriceOld": null,
    "productPrice": {
      "value": 10.89,
      "unit": "€"
    },
    "productPricePerUnit": {
      "value": 14.52,
      "unit": "€/l"
    },
    "productPriceWithLoyaltyCard": null,
    "productPricePerUnitWithLoyaltyCard": null,
    "imageUrl": "https://cdn.barbora.lv/products/e3807d9c-8b71-404b-831a-c4e643b05f98_s.png",
    "available": true,
    "discount": null
  },
  {
    "shop": "RIMI",
    "categories": [
      1,
      1001,
      10010019
    ],
    "productName": "Stiprs alkohol. dzēriens Bonaparte 38% 0,5l",
    "productPriceOld": null,
    "productPrice": {
      "value": 8.65,
      "unit": "€/gab"
    },
    "productPricePerUnit": {
      "value": 17.3,
      "unit": "€/l"
    },
    "productPriceWithLoyaltyCard": {
      "value": 7.29,
      "unit": "€"
    },
    "productPricePerUnitWithLoyaltyCard": {
      "value": 14.58,
      "unit": "€/l"
    },
    "imageUrl": "https://rimibaltic-res.cloudinary.com/image/upload/d_ecommerce:backend-fallback.png/MAT_460025_PCE_LV",
    "available": true,
    "discount": 16
  },
  {
    "shop": "RIMI",
    "categories": [
      2,
      2008
    ],
    "productName": "Virtulis Konfeti atkausēts 61g",
    "productPriceOld": {
      "value": 0.99,
      "unit": "€"
    },
    "productPrice": {
      "value": 0.89,
      "unit": "€/gab"
    },
    "productPricePerUnit": {
      "value": 14.59,
      "unit": "€/kg"
    },
    "productPriceWithLoyaltyCard": null,
    "productPricePerUnitWithLoyaltyCard": null,
    "imageUrl": "https://rimibaltic-res.cloudinary.com/image/upload/d_ecommerce:backend-fallback.png/MAT_980888_PCE_LV",
    "available": true,
    "discount": 10
  },
  {
    "shop": "RIMI",
    "categories": [
      1,
      1003,
      1003004
    ],
    "productName": "Bezalko. dz.vīns Dr.Loosen 0,75l",
    "productPriceOld": null,
    "productPrice": {
      "value": 10.99,
      "unit": "€/gab"
    },
    "productPricePerUnit": {
      "value": 14.65,
      "unit": "€/l"
    },
    "productPriceWithLoyaltyCard": null,
    "productPricePerUnitWithLoyaltyCard": null,
    "imageUrl": "https://rimibaltic-res.cloudinary.com/image/upload/d_ecommerce:backend-fallback.png/MAT_1373256_PCE_LV",
    "available": true,
    "discount": null
  },
  {
    "shop": "RIMI",
    "categories": [
      1,
      1001,
      1001004
    ],
    "productName": "Dz. v. Codorniu Clasico Cava Brut 11,5% 0,75l",
    "productPriceOld": null,
    "productPrice": {
      "value": 10.99,
      "unit": "€/gab"
    },
    "productPricePerUnit": {
      "value": 14.65,
      "unit": "€/l"
    },
    "productPriceWithLoyaltyCard": null,
    "productPricePerUnitWithLoyaltyCard": null,
    "imageUrl": "https://rimibaltic-res.cloudinary.com/image/upload/d_ecommerce:backend-fallback.png/MAT_105863_PCE_LV",
    "available": true,
    "discount": null
  },
  {
    "shop": "RIMI",
    "categories": [
      1,
      1001,
      1001003
    ],
    "productName": "S.v. Chianti DOCG Campoluce Org 13,5% 0,75l",
    "productPriceOld": null,
    "productPrice": {
      "value": 18.25,
      "unit": "€/gab"
    },
    "productPricePerUnit": {
      "value": 24.33,
      "unit": "€/l"
    },
    "productPriceWithLoyaltyCard": {
      "value": 10.99,
      "unit": "€"
    },
    "productPricePerUnitWithLoyaltyCard": {
      "value": 14.65,
      "unit": "€/l"
    },
    "imageUrl": "https://rimibaltic-res.cloudinary.com/image/upload/d_ecommerce:backend-fallback.png/MAT_7193727_PCE_LV",
    "available": true,
    "discount": 40
  },
  {
    "shop": "RIMI",
    "categories": [
      1,
      1001,
      1001003
    ],
    "productName": "Stiprināts deserta vīns Malaga Cruz 15% 0,75l",
    "productPriceOld": null,
    "productPrice": {
      "value": 10.99,
      "unit": "€/gab"
    },
    "productPricePerUnit": {
      "value": 14.65,
      "unit": "€/l"
    },
    "productPriceWithLoyaltyCard": null,
    "productPricePerUnitWithLoyaltyCard": null,
    "imageUrl": "https://rimibaltic-res.cloudinary.com/image/upload/d_ecommerce:backend-fallback.png/MAT_460979_PCE_LV",
    "available": true,
    "discount": null
  },
  {
    "shop": "RIMI",
    "categories": [
      1,
      1001,
      1001004
    ],
    "productName": "Dz.v. Codorniu Semi-Seco 11,5% 0,75l",
    "productPriceOld": null,
    "productPrice": {
      "value": 10.99,
      "unit": "€/gab"
    },
    "productPricePerUnit": {
      "value": 14.65,
      "unit": "€/l"
    },
    "productPriceWithLoyaltyCard": null,
    "productPricePerUnitWithLoyaltyCard": null,
    "imageUrl": "https://rimibaltic-res.cloudinary.com/image/upload/d_ecommerce:backend-fallback.png/MAT_460298_PCE_LV",
    "available": true,
    "discount": null
  },
  {
    "shop": "RIMI",
    "categories": [
      1,
      1001,
      1001003
    ],
    "productName": "S.v. Sangre de Toro 13,5% 0,75l",
    "productPriceOld": null,
    "productPrice": {
      "value": 10.99,
      "unit": "€/gab"
    },
    "productPricePerUnit": {
      "value": 14.65,
      "unit": "€/l"
    },
    "productPriceWithLoyaltyCard": null,
    "productPricePerUnitWithLoyaltyCard": null,
    "imageUrl": "https://rimibaltic-res.cloudinary.com/image/upload/d_ecommerce:backend-fallback.png/MAT_101691_PCE_LV",
    "available": true,
    "discount": null
  },
  {
    "shop": "RIMI",
    "categories": [
      1,
      1001,
      1001003
    ],
    "productName": "B.v. Torres Sangre de Toro 12% 0,75l",
    "productPriceOld": null,
    "productPrice": {
      "value": 10.99,
      "unit": "€/gab"
    },
    "productPricePerUnit": {
      "value": 14.65,
      "unit": "€/l"
    },
    "productPriceWithLoyaltyCard": null,
    "productPricePerUnitWithLoyaltyCard": null,
    "imageUrl": "https://rimibaltic-res.cloudinary.com/image/upload/d_ecommerce:backend-fallback.png/MAT_792130_PCE_LV",
    "available": true,
    "discount": null
  },
  {
    "shop": "MAXIMA",
    "categories": [
      1,
      1001,
      1001003
    ],
    "productName": "Vīns MUCHO MAS balts 12,5% 0,75L",
    "productPriceOld": null,
    "productPrice": {
      "value": 10.99,
      "unit": "€"
    },
    "productPricePerUnit": {
      "value": 14.65,
      "unit": "€/l"
    },
    "productPriceWithLoyaltyCard": null,
    "productPricePerUnitWithLoyaltyCard": null,
    "imageUrl": "https://cdn.barbora.lv/products/890839c3-d1fb-4535-81d1-09770be3afb2_s.png",
    "available": true,
    "discount": null
  },
  {
    "shop": "MAXIMA",
    "categories": [
      1,
      1001,
      1001003
    ],
    "productName": "Vīns MUCHO MAS sarkans 13,5% 0,75L",
    "productPriceOld": null,
    "productPrice": {
      "value": 10.99,
      "unit": "€"
    },
    "productPricePerUnit": {
      "value": 14.65,
      "unit": "€/l"
    },
    "productPriceWithLoyaltyCard": null,
    "productPricePerUnitWithLoyaltyCard": null,
    "imageUrl": "https://cdn.barbora.lv/products/744d18fe-aa90-4953-8399-012584002572_s.png",
    "available": true,
    "discount": null
  },
  {
    "shop": "MAXIMA",
    "categories": [
      1,
      1001,
      1001003
    ],
    "productName": "Vīns GORU Red 14% 0,75L",
    "productPriceOld": null,
    "productPrice": {
      "value": 10.99,
      "unit": "€"
    },
    "productPricePerUnit": {
      "value": 14.65,
      "unit": "€/l"
    },
    "productPriceWithLoyaltyCard": null,
    "productPricePerUnitWithLoyaltyCard": null,
    "imageUrl": "https://cdn.barbora.lv/products/d5546b78-2847-4579-b864-1dd9c5b346c1_s.png",
    "available": true,
    "discount": null
  },
  {
    "shop": "MAXIMA",
    "categories": [
      1,
      1001,
      1001003
    ],
    "productName": "Vīns JACOB'S CREEK C.HARV.SB 10,8% 0,75L",
    "productPriceOld": null,
    "productPrice": {
      "value": 10.99,
      "unit": "€"
    },
    "productPricePerUnit": {
      "value": 14.65,
      "unit": "€/l"
    },
    "productPriceWithLoyaltyCard": null,
    "productPricePerUnitWithLoyaltyCard": null,
    "imageUrl": "https://cdn.barbora.lv/products/acff77bf-166e-4fc9-b6cc-2004b31b0c55_s.png",
    "available": true,
    "discount": null
  },
  {
    "shop": "MAXIMA",
    "categories": [
      1,
      1001,
      1001003
    ],
    "productName": "Vīns CATENA ZAPATA Catena Malbec 13,5%0,75L",
    "productPriceOld": {
      "value": 15.75,
      "unit": "€"
    },
    "productPrice": {
      "value": 15.75,
      "unit": "€"
    },
    "productPricePerUnit": {
      "value": 21,
      "unit": "€/l"
    },
    "productPriceWithLoyaltyCard": {
      "value": 10.99,
      "unit": "€"
    },
    "productPricePerUnitWithLoyaltyCard": {
      "value": 14.65,
      "unit": "€/l"
    },
    "imageUrl": "https://cdn.barbora.lv/products/a812d522-78d6-44a8-9aa5-b3fa1971df38_s.png",
    "available": true,
    "discount": 30
  },
  {
    "shop": "MAXIMA",
    "categories": [
      1,
      1001,
      1001003
    ],
    "productName": "Vīns GORU White 13% 0,75L",
    "productPriceOld": null,
    "productPrice": {
      "value": 10.99,
      "unit": "€"
    },
    "productPricePerUnit": {
      "value": 14.65,
      "unit": "€/l"
    },
    "productPriceWithLoyaltyCard": null,
    "productPricePerUnitWithLoyaltyCard": null,
    "imageUrl": "https://cdn.barbora.lv/products/f71ddf08-5a1b-4814-a5c6-168b25adcfb9_s.png",
    "available": true,
    "discount": null
  },
  {
    "shop": "MAXIMA",
    "categories": [
      1,
      1001,
      1001003
    ],
    "productName": "Vīns QUINTA DE RAMOZEIROS 14% 0,75L",
    "productPriceOld": null,
    "productPrice": {
      "value": 10.99,
      "unit": "€"
    },
    "productPricePerUnit": {
      "value": 14.65,
      "unit": "€/l"
    },
    "productPriceWithLoyaltyCard": null,
    "productPricePerUnitWithLoyaltyCard": null,
    "imageUrl": "https://cdn.barbora.lv/products/53f91d04-0ecc-4d1c-9be6-c6423753d9fb_s.png",
    "available": true,
    "discount": null
  },
  {
    "shop": "MAXIMA",
    "categories": [
      1,
      1001,
      1001003
    ],
    "productName": "Vīns TORRES S.DE TORO BLANCO 11,5% 0,75L",
    "productPriceOld": null,
    "productPrice": {
      "value": 10.99,
      "unit": "€"
    },
    "productPricePerUnit": {
      "value": 14.65,
      "unit": "€/l"
    },
    "productPriceWithLoyaltyCard": null,
    "productPricePerUnitWithLoyaltyCard": null,
    "imageUrl": "https://cdn.barbora.lv/products/6da8939c-0b34-4ea4-b9ab-9bb370a0dc8d_s.png",
    "available": true,
    "discount": null
  },
  {
    "shop": "MAXIMA",
    "categories": [
      1,
      1001,
      1001003
    ],
    "productName": "Vīns TORO D'ORO CHARDONNAY 13,5% 0,75L",
    "productPriceOld": null,
    "productPrice": {
      "value": 10.99,
      "unit": "€"
    },
    "productPricePerUnit": {
      "value": 14.65,
      "unit": "€/l"
    },
    "productPriceWithLoyaltyCard": null,
    "productPricePerUnitWithLoyaltyCard": null,
    "imageUrl": "https://cdn.barbora.lv/products/ebbef432-94e1-4431-b936-f6d550d06054_s.png",
    "available": true,
    "discount": null
  },
  {
    "shop": "MAXIMA",
    "categories": [
      1,
      1001,
      1001003
    ],
    "productName": "Vīns JACOB'S CREEK 10,3% 0,75L",
    "productPriceOld": null,
    "productPrice": {
      "value": 10.99,
      "unit": "€"
    },
    "productPricePerUnit": {
      "value": 14.65,
      "unit": "€/l"
    },
    "productPriceWithLoyaltyCard": null,
    "productPricePerUnitWithLoyaltyCard": null,
    "imageUrl": "https://cdn.barbora.lv/products/4bf8d353-e794-412c-a14b-f0d5101e1889_s.png",
    "available": true,
    "discount": null
  },
  {
    "shop": "MAXIMA",
    "categories": [
      1,
      1001,
      1001003
    ],
    "productName": "Vīns GORU Organic 14% 0,75L",
    "productPriceOld": null,
    "productPrice": {
      "value": 10.99,
      "unit": "€"
    },
    "productPricePerUnit": {
      "value": 14.65,
      "unit": "€/l"
    },
    "productPriceWithLoyaltyCard": null,
    "productPricePerUnitWithLoyaltyCard": null,
    "imageUrl": "https://cdn.barbora.lv/products/a74a3b42-5f38-40ce-9b66-b50d51af18e7_s.png",
    "available": true,
    "discount": null
  },
  {
    "shop": "MAXIMA",
    "categories": [
      1,
      1001,
      1001003
    ],
    "productName": "Vīns GORU Rosado 13% 0,75L",
    "productPriceOld": null,
    "productPrice": {
      "value": 10.99,
      "unit": "€"
    },
    "productPricePerUnit": {
      "value": 14.65,
      "unit": "€/l"
    },
    "productPriceWithLoyaltyCard": null,
    "productPricePerUnitWithLoyaltyCard": null,
    "imageUrl": "https://cdn.barbora.lv/products/4ede8354-1af1-462f-8e14-e1dce936254c_s.png",
    "available": true,
    "discount": null
  },
  {
    "shop": "MAXIMA",
    "categories": [
      1,
      1001,
      1001003
    ],
    "productName": "Vīns MAORI BAY Zinfandel Rose 10,5%0,75L",
    "productPriceOld": null,
    "productPrice": {
      "value": 10.99,
      "unit": "€"
    },
    "productPricePerUnit": {
      "value": 14.65,
      "unit": "€/l"
    },
    "productPriceWithLoyaltyCard": null,
    "productPricePerUnitWithLoyaltyCard": null,
    "imageUrl": "https://cdn.barbora.lv/products/a70a2e1e-704f-47d3-8bad-876058e6fb2d_s.png",
    "available": true,
    "discount": null
  },
  {
    "shop": "MAXIMA",
    "categories": [
      1,
      1001,
      1001003
    ],
    "productName": "Vīns MAORI BAY Zinfandel 13,5% 0,75L",
    "productPriceOld": null,
    "productPrice": {
      "value": 10.99,
      "unit": "€"
    },
    "productPricePerUnit": {
      "value": 14.65,
      "unit": "€/l"
    },
    "productPriceWithLoyaltyCard": null,
    "productPricePerUnitWithLoyaltyCard": null,
    "imageUrl": "https://cdn.barbora.lv/products/6b792881-3040-4442-836f-633bfc77d3cf_s.png",
    "available": true,
    "discount": null
  },
  {
    "shop": "MAXIMA",
    "categories": [
      1,
      1001,
      1001003
    ],
    "productName": "Vīns MAORI BAY Chardonnay USA 12,5%0,75L",
    "productPriceOld": null,
    "productPrice": {
      "value": 10.99,
      "unit": "€"
    },
    "productPricePerUnit": {
      "value": 14.65,
      "unit": "€/l"
    },
    "productPriceWithLoyaltyCard": null,
    "productPricePerUnitWithLoyaltyCard": null,
    "imageUrl": "https://cdn.barbora.lv/products/fa460a54-8f0f-4131-b31f-79c54f721573_s.png",
    "available": true,
    "discount": null
  },
  {
    "shop": "MAXIMA",
    "categories": [
      1,
      1001,
      1001003
    ],
    "productName": "Vīns LVD CAPITELLES Sauv.Blanc 12% 0,75L",
    "productPriceOld": null,
    "productPrice": {
      "value": 10.99,
      "unit": "€"
    },
    "productPricePerUnit": {
      "value": 14.65,
      "unit": "€/l"
    },
    "productPriceWithLoyaltyCard": null,
    "productPricePerUnitWithLoyaltyCard": null,
    "imageUrl": "https://cdn.barbora.lv/products/ef7f9a8e-3250-4815-be3f-14b0c3f81025_s.png",
    "available": true,
    "discount": null
  },
  {
    "shop": "MAXIMA",
    "categories": [
      2,
      2001,
      20010015
    ],
    "productName": "Rīsu gal.KUPIEC tumšā šok.90g",
    "productPriceOld": {
      "value": 1.65,
      "unit": "€"
    },
    "productPrice": {
      "value": 1.32,
      "unit": "€"
    },
    "productPricePerUnit": {
      "value": 14.66,
      "unit": "€/kg"
    },
    "productPriceWithLoyaltyCard": null,
    "productPricePerUnitWithLoyaltyCard": null,
    "imageUrl": "https://cdn.barbora.lv/products/95245fc0-8b8c-4197-89cf-63e693ab0211_s.png",
    "available": true,
    "discount": 20
  },
  {
    "shop": "MAXIMA",
    "categories": [
      2,
      2005
    ],
    "productName": "Kūka Melleņu KŪKO 340g",
    "productPriceOld": null,
    "productPrice": {
      "value": 4.99,
      "unit": "€"
    },
    "productPricePerUnit": {
      "value": 14.68,
      "unit": "€/kg"
    },
    "productPriceWithLoyaltyCard": null,
    "productPricePerUnitWithLoyaltyCard": null,
    "imageUrl": "https://cdn.barbora.lv/products/18997808-86b8-4ad7-a148-20f212f072a4_s.png",
    "available": true,
    "discount": null
  },
  {
    "shop": "RIMI",
    "categories": [
      2,
      2005
    ],
    "productName": "Siera kūka Staburadze melleņu 700g",
    "productPriceOld": {
      "value": 12.99,
      "unit": "€"
    },
    "productPrice": {
      "value": 10.29,
      "unit": "€/gab"
    },
    "productPricePerUnit": {
      "value": 14.7,
      "unit": "€/kg"
    },
    "productPriceWithLoyaltyCard": null,
    "productPricePerUnitWithLoyaltyCard": null,
    "imageUrl": "https://rimibaltic-res.cloudinary.com/image/upload/d_ecommerce:backend-fallback.png/MAT_977243_PCE_LV",
    "available": true,
    "discount": 21
  },
  {
    "shop": "MAXIMA",
    "categories": [
      1,
      1001,
      10010012
    ],
    "productName": "Džins TILLSTON Dry Gin 37,5% 0,7L",
    "productPriceOld": null,
    "productPrice": {
      "value": 10.29,
      "unit": "€"
    },
    "productPricePerUnit": {
      "value": 14.7,
      "unit": "€/l"
    },
    "productPriceWithLoyaltyCard": null,
    "productPricePerUnitWithLoyaltyCard": null,
    "imageUrl": "https://cdn.barbora.lv/products/23ff8761-cb38-4cac-aea6-7b7c438a56f9_s.png",
    "available": true,
    "discount": null
  },
  {
    "shop": "MAXIMA",
    "productName": "Pīrāgs ar brinzu un spinātiem 40g",
    "productPriceOld": null,
    "productPrice": {
      "value": 0.59,
      "unit": "€"
    },
    "productPricePerUnit": {
      "value": 14.75,
      "unit": "€/kg"
    },
    "productPriceWithLoyaltyCard": null,
    "productPricePerUnitWithLoyaltyCard": null,
    "imageUrl": "https://cdn.barbora.lv/products/db4d4920-7bd3-42ab-bacb-abcd53e14ce2_s.png",
    "available": true,
    "discount": null,
    "categories": [
      2,
      2001,
      20010015
    ]
  },
  {
    "shop": "MAXIMA",
    "categories": [
      1,
      1001,
      1001003
    ],
    "productName": "Vīns DOPPIO PASSO ROSE PRIMIT P 12%0,75L",
    "productPriceOld": null,
    "productPrice": {
      "value": 11.08,
      "unit": "€"
    },
    "productPricePerUnit": {
      "value": 14.77,
      "unit": "€/l"
    },
    "productPriceWithLoyaltyCard": null,
    "productPricePerUnitWithLoyaltyCard": null,
    "imageUrl": "https://cdn.barbora.lv/products/11f51ed3-153c-4744-bf82-925fe1f06032_s.png",
    "available": true,
    "discount": null
  },
  {
    "shop": "CITRO",
    "categories": [
      2,
      2001,
      2001008
    ],
    "productName": "DEGVĪNS 3 GRAUDU 38% 0.5L",
    "productPriceOld": {
      "value": 7.89,
      "unit": "€"
    },
    "productPrice": {
      "value": 7.39,
      "unit": "€"
    },
    "productPricePerUnit": {
      "value": 14.78,
      "unit": "€/L"
    },
    "productPriceWithLoyaltyCard": null,
    "productPricePerUnitWithLoyaltyCard": null,
    "imageUrl": "https://rezekne.citro.lv/wp-content/uploads/2020/12/4750021225222-300x300.jpg",
    "available": true,
    "discount": 6
  },
  {
    "shop": "RIMI",
    "categories": [
      1,
      1001,
      10010013
    ],
    "productName": "Liķieris Retro Blue Curacao 20% 0,7l",
    "productPriceOld": null,
    "productPrice": {
      "value": 10.35,
      "unit": "€/gab"
    },
    "productPricePerUnit": {
      "value": 14.79,
      "unit": "€/l"
    },
    "productPriceWithLoyaltyCard": null,
    "productPricePerUnitWithLoyaltyCard": null,
    "imageUrl": "https://rimibaltic-res.cloudinary.com/image/upload/d_ecommerce:backend-fallback.png/MAT_7298294_PCE_LV",
    "available": true,
    "discount": null
  },
  {
    "shop": "MAXIMA",
    "categories": [
      1,
      1001,
      1001003
    ],
    "productName": "Vīns VENTISQUERO CARMENERE RES.14% 0,75L",
    "productPriceOld": null,
    "productPrice": {
      "value": 11.09,
      "unit": "€"
    },
    "productPricePerUnit": {
      "value": 14.79,
      "unit": "€/l"
    },
    "productPriceWithLoyaltyCard": null,
    "productPricePerUnitWithLoyaltyCard": null,
    "imageUrl": "https://cdn.barbora.lv/products/1aff1701-38c9-4578-b5ce-db1e1ea8bdb9_s.png",
    "available": true,
    "discount": null
  },
  {
    "shop": "MAXIMA",
    "categories": [
      1,
      1001,
      1001003
    ],
    "productName": "Vīns VENTISQUERO RES SAUV 13% 0,75L",
    "productPriceOld": null,
    "productPrice": {
      "value": 11.09,
      "unit": "€"
    },
    "productPricePerUnit": {
      "value": 14.79,
      "unit": "€/l"
    },
    "productPriceWithLoyaltyCard": null,
    "productPricePerUnitWithLoyaltyCard": null,
    "imageUrl": "https://cdn.barbora.lv/products/99be15bf-94c8-44cc-ba88-402015c58f25_s.png",
    "available": true,
    "discount": null
  },
  {
    "shop": "MAXIMA",
    "categories": [
      1,
      1001,
      10010019
    ],
    "productName": "Sake CHOYA 14,5% 0,75L",
    "productPriceOld": null,
    "productPrice": {
      "value": 11.1,
      "unit": "€"
    },
    "productPricePerUnit": {
      "value": 14.8,
      "unit": "€/l"
    },
    "productPriceWithLoyaltyCard": null,
    "productPricePerUnitWithLoyaltyCard": null,
    "imageUrl": "https://cdn.barbora.lv/products/0520fb98-9325-4f45-a629-27a41b097318_s.png",
    "available": true,
    "discount": null
  },
  {
    "shop": "RIMI",
    "categories": [
      2,
      2005
    ],
    "productName": "Kūka Kūko zemeņu un rabarberu 320g",
    "productPriceOld": null,
    "productPrice": {
      "value": 4.75,
      "unit": "€/gab"
    },
    "productPricePerUnit": {
      "value": 14.84,
      "unit": "€/kg"
    },
    "productPriceWithLoyaltyCard": null,
    "productPricePerUnitWithLoyaltyCard": null,
    "imageUrl": "https://rimibaltic-res.cloudinary.com/image/upload/d_ecommerce:backend-fallback.png/MAT_4001098_PCE_LV",
    "available": true,
    "discount": null
  },
  {
    "shop": "MAXIMA",
    "categories": [
      1,
      1001,
      1001003
    ],
    "productName": "Vīns ERRAZURIZ Chard. balts 13% 0,75L",
    "productPriceOld": null,
    "productPrice": {
      "value": 11.15,
      "unit": "€"
    },
    "productPricePerUnit": {
      "value": 14.87,
      "unit": "€/l"
    },
    "productPriceWithLoyaltyCard": null,
    "productPricePerUnitWithLoyaltyCard": null,
    "imageUrl": "https://cdn.barbora.lv/products/52008fc6-90c3-4fd7-8b60-6bdb6fd117c7_s.png",
    "available": true,
    "discount": null
  },
  {
    "shop": "MAXIMA",
    "categories": [
      1,
      1001,
      1001003
    ],
    "productName": "Vīns ERRAZURIZ ESTATE CARMEN.13,5% 0,75L",
    "productPriceOld": null,
    "productPrice": {
      "value": 11.15,
      "unit": "€"
    },
    "productPricePerUnit": {
      "value": 14.87,
      "unit": "€/l"
    },
    "productPriceWithLoyaltyCard": null,
    "productPricePerUnitWithLoyaltyCard": null,
    "imageUrl": "https://cdn.barbora.lv/products/68ba3277-3099-46aa-a484-8a8c2f6164fc_s.png",
    "available": true,
    "discount": null
  },
  {
    "shop": "RIMI",
    "categories": [
      1,
      1001,
      1001003
    ],
    "productName": "Rozā vīns Goru Rosado 13% 0,75L",
    "productPriceOld": null,
    "productPrice": {
      "value": 11.19,
      "unit": "€/gab"
    },
    "productPricePerUnit": {
      "value": 14.92,
      "unit": "€/l"
    },
    "productPriceWithLoyaltyCard": null,
    "productPricePerUnitWithLoyaltyCard": null,
    "imageUrl": "https://rimibaltic-res.cloudinary.com/image/upload/d_ecommerce:backend-fallback.png/MAT_7273846_PCE_LV",
    "available": true,
    "discount": null
  },
  {
    "shop": "RIMI",
    "categories": [
      2,
      2005
    ],
    "productName": "Vīns Abavas Ābolkūka 10% 0,75l",
    "productPriceOld": null,
    "productPrice": {
      "value": 11.19,
      "unit": "€/gab"
    },
    "productPricePerUnit": {
      "value": 14.92,
      "unit": "€/l"
    },
    "productPriceWithLoyaltyCard": null,
    "productPricePerUnitWithLoyaltyCard": null,
    "imageUrl": "https://rimibaltic-res.cloudinary.com/image/upload/d_ecommerce:backend-fallback.png/MAT_7195509_PCE_LV",
    "available": true,
    "discount": null
  },
  {
    "shop": "RIMI",
    "categories": [
      1,
      1001,
      1001003
    ],
    "productName": "B.v.Casillero Del Diab. Chard.13,5%0,75l",
    "productPriceOld": null,
    "productPrice": {
      "value": 11.19,
      "unit": "€/gab"
    },
    "productPricePerUnit": {
      "value": 14.92,
      "unit": "€/l"
    },
    "productPriceWithLoyaltyCard": null,
    "productPricePerUnitWithLoyaltyCard": null,
    "imageUrl": "https://rimibaltic-res.cloudinary.com/image/upload/d_ecommerce:backend-fallback.png/MAT_678492_PCE_LV",
    "available": true,
    "discount": null
  },
  {
    "shop": "RIMI",
    "categories": [
      1,
      1001,
      1001003
    ],
    "productName": "B.v. Goru 13% 0,75l",
    "productPriceOld": null,
    "productPrice": {
      "value": 11.19,
      "unit": "€/gab"
    },
    "productPricePerUnit": {
      "value": 14.92,
      "unit": "€/l"
    },
    "productPriceWithLoyaltyCard": null,
    "productPricePerUnitWithLoyaltyCard": null,
    "imageUrl": "https://rimibaltic-res.cloudinary.com/image/upload/d_ecommerce:backend-fallback.png/MAT_7118841_PCE_LV",
    "available": true,
    "discount": null
  },
  {
    "shop": "RIMI",
    "categories": [
      1,
      1001,
      1001003
    ],
    "productName": "S.v.Casillero Cab.Sauv.13,5%0,75l",
    "productPriceOld": null,
    "productPrice": {
      "value": 11.19,
      "unit": "€/gab"
    },
    "productPricePerUnit": {
      "value": 14.92,
      "unit": "€/l"
    },
    "productPriceWithLoyaltyCard": null,
    "productPricePerUnitWithLoyaltyCard": null,
    "imageUrl": "https://rimibaltic-res.cloudinary.com/image/upload/d_ecommerce:backend-fallback.png/MAT_678470_PCE_LV",
    "available": true,
    "discount": null
  },
  {
    "shop": "RIMI",
    "categories": [
      1,
      1001,
      1001003
    ],
    "productName": "S.v.Casillero Del Diablo Carm 13,5%0,75l",
    "productPriceOld": null,
    "productPrice": {
      "value": 11.19,
      "unit": "€/gab"
    },
    "productPricePerUnit": {
      "value": 14.92,
      "unit": "€/l"
    },
    "productPriceWithLoyaltyCard": null,
    "productPricePerUnitWithLoyaltyCard": null,
    "imageUrl": "https://rimibaltic-res.cloudinary.com/image/upload/d_ecommerce:backend-fallback.png/MAT_735234_PCE_LV",
    "available": true,
    "discount": null
  },
  {
    "shop": "RIMI",
    "categories": [
      1,
      1001,
      1001003
    ],
    "productName": "B.v. Chardonnay Kabinett 12,5% 0,75l, sauss",
    "productPriceOld": null,
    "productPrice": {
      "value": 11.19,
      "unit": "€/gab"
    },
    "productPricePerUnit": {
      "value": 14.92,
      "unit": "€/l"
    },
    "productPriceWithLoyaltyCard": null,
    "productPricePerUnitWithLoyaltyCard": null,
    "imageUrl": "https://rimibaltic-res.cloudinary.com/image/upload/d_ecommerce:backend-fallback.png/MAT_7277333_PCE_LV",
    "available": true,
    "discount": null
  },
  {
    "shop": "RIMI",
    "categories": [
      1,
      1001,
      1001003
    ],
    "productName": "Baltvīns Riporta Pecorino, sauss 12.5% 0,75l",
    "productPriceOld": null,
    "productPrice": {
      "value": 11.19,
      "unit": "€/gab"
    },
    "productPricePerUnit": {
      "value": 14.92,
      "unit": "€/l"
    },
    "productPriceWithLoyaltyCard": null,
    "productPricePerUnitWithLoyaltyCard": null,
    "imageUrl": "https://rimibaltic-res.cloudinary.com/image/upload/d_ecommerce:backend-fallback.png/MAT_7279240_PCE_LV",
    "available": true,
    "discount": null
  },
  {
    "shop": "RIMI",
    "categories": [
      1,
      1001,
      1001003
    ],
    "productName": "S.v. Riporta Nero D`Avola, pasauss 13% 0,75l",
    "productPriceOld": null,
    "productPrice": {
      "value": 11.19,
      "unit": "€/gab"
    },
    "productPricePerUnit": {
      "value": 14.92,
      "unit": "€/l"
    },
    "productPriceWithLoyaltyCard": null,
    "productPricePerUnitWithLoyaltyCard": null,
    "imageUrl": "https://rimibaltic-res.cloudinary.com/image/upload/d_ecommerce:backend-fallback.png/MAT_7279241_PCE_LV",
    "available": true,
    "discount": null
  },
  {
    "shop": "RIMI",
    "categories": [
      1,
      1001,
      1001004
    ],
    "productName": "Dz. vīns Marani, pussaldais 11,5% 0,75l",
    "productPriceOld": null,
    "productPrice": {
      "value": 11.19,
      "unit": "€/gab"
    },
    "productPricePerUnit": {
      "value": 14.92,
      "unit": "€/l"
    },
    "productPriceWithLoyaltyCard": null,
    "productPricePerUnitWithLoyaltyCard": null,
    "imageUrl": "https://rimibaltic-res.cloudinary.com/image/upload/d_ecommerce:backend-fallback.png/MAT_7277975_PCE_LV",
    "available": true,
    "discount": null
  },
  {
    "shop": "RIMI",
    "categories": [
      1,
      1001,
      1001003
    ],
    "productName": "Baltv. Amavida Treixadura Ribeiro 12,5% 0,75l",
    "productPriceOld": null,
    "productPrice": {
      "value": 11.19,
      "unit": "€/gab"
    },
    "productPricePerUnit": {
      "value": 14.92,
      "unit": "€/l"
    },
    "productPriceWithLoyaltyCard": null,
    "productPricePerUnitWithLoyaltyCard": null,
    "imageUrl": "https://rimibaltic-res.cloudinary.com/image/upload/d_ecommerce:backend-fallback.png/MAT_7221011_PCE_LV",
    "available": true,
    "discount": null
  },
  {
    "shop": "MAXIMA",
    "categories": [
      1,
      1001,
      1001003
    ],
    "productName": "Vīns BPHR BORDEAUX ROUGE 12,5% 0,75L",
    "productPriceOld": null,
    "productPrice": {
      "value": 11.19,
      "unit": "€"
    },
    "productPricePerUnit": {
      "value": 14.92,
      "unit": "€/l"
    },
    "productPriceWithLoyaltyCard": null,
    "productPricePerUnitWithLoyaltyCard": null,
    "imageUrl": "https://cdn.barbora.lv/products/483df1c0-3bab-42a2-8f96-761a4d9723c9_s.png",
    "available": true,
    "discount": null
  },
  {
    "shop": "MAXIMA",
    "categories": [
      1,
      1001,
      1001004
    ],
    "productName": "Dz.vīns JAUME SERRA CAVA BRUT 11,5%0,75L",
    "productPriceOld": null,
    "productPrice": {
      "value": 11.19,
      "unit": "€"
    },
    "productPricePerUnit": {
      "value": 14.92,
      "unit": "€/l"
    },
    "productPriceWithLoyaltyCard": null,
    "productPricePerUnitWithLoyaltyCard": null,
    "imageUrl": "https://cdn.barbora.lv/products/164d00bf-53eb-4522-b8d1-7a7f4e0af81a_s.png",
    "available": true,
    "discount": null
  },
  {
    "shop": "MAXIMA",
    "categories": [
      1,
      1001,
      1001003
    ],
    "productName": "Vīns CASILLERO DEL DIABLO CHARDONNAY 13,5%0,75L",
    "productPriceOld": null,
    "productPrice": {
      "value": 11.19,
      "unit": "€"
    },
    "productPricePerUnit": {
      "value": 14.92,
      "unit": "€/l"
    },
    "productPriceWithLoyaltyCard": null,
    "productPricePerUnitWithLoyaltyCard": null,
    "imageUrl": "https://cdn.barbora.lv/products/4cd36b5b-3eee-4f14-b24d-6765b2cb803c_s.png",
    "available": true,
    "discount": null
  },
  {
    "shop": "MAXIMA",
    "categories": [
      1,
      1001,
      1001003
    ],
    "productName": "Vīns CASILLERO DEL DIABLO CABERNET 13,5%0,75L",
    "productPriceOld": null,
    "productPrice": {
      "value": 11.19,
      "unit": "€"
    },
    "productPricePerUnit": {
      "value": 14.92,
      "unit": "€/l"
    },
    "productPriceWithLoyaltyCard": null,
    "productPricePerUnitWithLoyaltyCard": null,
    "imageUrl": "https://cdn.barbora.lv/products/a8938690-71b3-4bfc-9b26-37a23faab313_s.png",
    "available": true,
    "discount": null
  },
  {
    "shop": "MAXIMA",
    "categories": [
      1,
      1001,
      1001003
    ],
    "productName": "Vīns CALVET BORDEAUX ROUGE M/C 12% 0,75L",
    "productPriceOld": null,
    "productPrice": {
      "value": 11.19,
      "unit": "€"
    },
    "productPricePerUnit": {
      "value": 14.92,
      "unit": "€/l"
    },
    "productPriceWithLoyaltyCard": null,
    "productPricePerUnitWithLoyaltyCard": null,
    "imageUrl": "https://cdn.barbora.lv/products/d4a3a4dd-2a6b-403c-a58c-337f7c4186d9_s.png",
    "available": true,
    "discount": null
  },
  {
    "shop": "MAXIMA",
    "categories": [
      1,
      1001,
      10010019
    ],
    "productName": "Stiprs alkoholiskais dzēriens SLAVJANKA JABLOKO 20% 0,5l",
    "productPriceOld": null,
    "productPrice": {
      "value": 7.47,
      "unit": "€"
    },
    "productPricePerUnit": {
      "value": 14.94,
      "unit": "€/l"
    },
    "productPriceWithLoyaltyCard": null,
    "productPricePerUnitWithLoyaltyCard": null,
    "imageUrl": "https://cdn.barbora.lv/products/75aca6fa-10cf-4ee7-b87e-e62def4cc4c8_s.png",
    "available": true,
    "discount": null
  },
  {
    "shop": "RIMI",
    "categories": [
      2,
      2005
    ],
    "productName": "Krēmas pikas ar šokolādes garšas glaz. 220g",
    "productPriceOld": {
      "value": 5.59,
      "unit": "€"
    },
    "productPrice": {
      "value": 3.29,
      "unit": "€/gab"
    },
    "productPricePerUnit": {
      "value": 14.95,
      "unit": "€/kg"
    },
    "productPriceWithLoyaltyCard": null,
    "productPricePerUnitWithLoyaltyCard": null,
    "imageUrl": "https://rimibaltic-res.cloudinary.com/image/upload/d_ecommerce:backend-fallback.png/MAT_4001122_PCE_LV",
    "available": true,
    "discount": 41
  },
  {
    "shop": "RIMI",
    "categories": [
      2,
      2009
    ],
    "productName": "Eklēru izlase Pellija 200g",
    "productPriceOld": null,
    "productPrice": {
      "value": 2.99,
      "unit": "€/gab"
    },
    "productPricePerUnit": {
      "value": 14.95,
      "unit": "€/kg"
    },
    "productPriceWithLoyaltyCard": null,
    "productPricePerUnitWithLoyaltyCard": null,
    "imageUrl": "https://rimibaltic-res.cloudinary.com/image/upload/d_ecommerce:backend-fallback.png/MAT_4006582_PCE_LV",
    "available": true,
    "discount": null
  },
  {
    "shop": "RIMI",
    "categories": [
      1,
      1001,
      1001004
    ],
    "productName": "Dz.v. Zonin Prosecco Cuvee 1821 11% 0,2l",
    "productPriceOld": null,
    "productPrice": {
      "value": 4.35,
      "unit": "€/gab"
    },
    "productPricePerUnit": {
      "value": 21.75,
      "unit": "€/l"
    },
    "productPriceWithLoyaltyCard": {
      "value": 2.99,
      "unit": "€"
    },
    "productPricePerUnitWithLoyaltyCard": {
      "value": 14.95,
      "unit": "€/l"
    },
    "imageUrl": "https://rimibaltic-res.cloudinary.com/image/upload/d_ecommerce:backend-fallback.png/MAT_7083681_PCE_LV",
    "available": true,
    "discount": 31
  },
  {
    "shop": "RIMI",
    "categories": [
      1,
      1001,
      10010013
    ],
    "productName": "Uzlējums Piparu Rūgtais 35% 0,2l",
    "productPriceOld": null,
    "productPrice": {
      "value": 2.99,
      "unit": "€/gab"
    },
    "productPricePerUnit": {
      "value": 14.95,
      "unit": "€/l"
    },
    "productPriceWithLoyaltyCard": null,
    "productPricePerUnitWithLoyaltyCard": null,
    "imageUrl": "https://rimibaltic-res.cloudinary.com/image/upload/d_ecommerce:backend-fallback.png/MAT_138759_PCE_LV",
    "available": true,
    "discount": null
  },
  {
    "shop": "MAXIMA",
    "categories": [
      1,
      1001,
      10010016
    ],
    "productName": "Degvīns VODKA 40% 0,2L PET",
    "productPriceOld": null,
    "productPrice": {
      "value": 2.99,
      "unit": "€"
    },
    "productPricePerUnit": {
      "value": 14.95,
      "unit": "€/l"
    },
    "productPriceWithLoyaltyCard": null,
    "productPricePerUnitWithLoyaltyCard": null,
    "imageUrl": "https://cdn.barbora.lv/products/8d3660bc-3b18-40ba-bb25-4404ac48e4a5_s.png",
    "available": true,
    "discount": null
  },
  {
    "shop": "MAXIMA",
    "categories": [
      2,
      2005
    ],
    "productName": "Kūciņas Vēja pikas ar biezpienu STABURADZE 200g",
    "productPriceOld": {
      "value": 3.99,
      "unit": "€"
    },
    "productPrice": {
      "value": 2.99,
      "unit": "€"
    },
    "productPricePerUnit": {
      "value": 14.95,
      "unit": "€/kg"
    },
    "productPriceWithLoyaltyCard": null,
    "productPricePerUnitWithLoyaltyCard": null,
    "imageUrl": "https://cdn.barbora.lv/products/9a1628e6-1a3a-4b05-8b4d-af36e0655495_s.png",
    "available": true,
    "discount": 25
  },
  {
    "shop": "MAXIMA",
    "categories": [
      2,
      2009
    ],
    "productName": "Eklēri ar plaucēto krēmu PELLIJA 200g",
    "productPriceOld": null,
    "productPrice": {
      "value": 2.99,
      "unit": "€"
    },
    "productPricePerUnit": {
      "value": 14.95,
      "unit": "€/kg"
    },
    "productPriceWithLoyaltyCard": null,
    "productPricePerUnitWithLoyaltyCard": null,
    "imageUrl": "https://cdn.barbora.lv/products/58e10ba1-be35-4a20-9a88-ebf27d729058_s.png",
    "available": true,
    "discount": null
  },
  {
    "shop": "MAXIMA",
    "categories": [
      2,
      2009
    ],
    "productName": "Eklēri ar banānu garšu PELLIJA 200g",
    "productPriceOld": null,
    "productPrice": {
      "value": 2.99,
      "unit": "€"
    },
    "productPricePerUnit": {
      "value": 14.95,
      "unit": "€/kg"
    },
    "productPriceWithLoyaltyCard": null,
    "productPricePerUnitWithLoyaltyCard": null,
    "imageUrl": "https://cdn.barbora.lv/products/bf1b0a87-86d6-4f82-9cc7-6ed0712a8f9b_s.png",
    "available": true,
    "discount": null
  },
  {
    "shop": "CITRO",
    "categories": [
      1,
      1001,
      10010019
    ],
    "productName": "ST.ALK.DZ. PIPARU RŪGTAIS 35% 0.2L LB",
    "productPriceOld": null,
    "productPrice": null,
    "productPricePerUnit": {
      "value": 14.95,
      "unit": "€/L"
    },
    "productPriceWithLoyaltyCard": null,
    "productPricePerUnitWithLoyaltyCard": null,
    "imageUrl": "https://rezekne.citro.lv/wp-content/uploads/2021/03/4750021402951-300x300.jpg",
    "available": true,
    "discount": null
  },
  {
    "shop": "MAXIMA",
    "categories": [
      2,
      2005
    ],
    "productName": "Kūciņas Skudru pūznīši ar iebiezināto pienu STABURADZE 300g",
    "productPriceOld": null,
    "productPrice": {
      "value": 4.49,
      "unit": "€"
    },
    "productPricePerUnit": {
      "value": 14.97,
      "unit": "€/kg"
    },
    "productPriceWithLoyaltyCard": null,
    "productPricePerUnitWithLoyaltyCard": null,
    "imageUrl": "https://cdn.barbora.lv/products/81e8505b-0270-4c94-86ab-676b0127d336_s.png",
    "available": true,
    "discount": null
  },
  {
    "shop": "MAXIMA",
    "categories": [
      1,
      1001,
      10010019
    ],
    "productName": "Stiprs alkoholiskais dzēriens BONAPARTE 38% 0,5l",
    "productPriceOld": {
      "value": 8.6,
      "unit": "€"
    },
    "productPrice": {
      "value": 8.6,
      "unit": "€"
    },
    "productPricePerUnit": {
      "value": 17.2,
      "unit": "€/l"
    },
    "productPriceWithLoyaltyCard": {
      "value": 7.49,
      "unit": "€"
    },
    "productPricePerUnitWithLoyaltyCard": {
      "value": 14.98,
      "unit": "€/l"
    },
    "imageUrl": "https://cdn.barbora.lv/products/fc31d515-5baf-42c6-a87e-29ead629ab6c_s.png",
    "available": true,
    "discount": 13
  },
  {
    "shop": "MAXIMA",
    "categories": [
      1,
      1001,
      10010019
    ],
    "productName": "Stip.alk.dzēr. BONAPARTE COFFEE 36% 0,5l",
    "productPriceOld": {
      "value": 8.85,
      "unit": "€"
    },
    "productPrice": {
      "value": 8.85,
      "unit": "€"
    },
    "productPricePerUnit": {
      "value": 17.7,
      "unit": "€/l"
    },
    "productPriceWithLoyaltyCard": {
      "value": 7.49,
      "unit": "€"
    },
    "productPricePerUnitWithLoyaltyCard": {
      "value": 14.98,
      "unit": "€/l"
    },
    "imageUrl": "https://cdn.barbora.lv/products/3878bdfe-68e2-485e-84a6-00460fab9a6c_s.png",
    "available": true,
    "discount": 15
  },
  {
    "shop": "MAXIMA",
    "categories": [
      1,
      1001,
      10010019
    ],
    "productName": "Stipr.alk.dzēr. BONAPARTE APPLE 36% 0,5L",
    "productPriceOld": {
      "value": 8.79,
      "unit": "€"
    },
    "productPrice": {
      "value": 8.79,
      "unit": "€"
    },
    "productPricePerUnit": {
      "value": 17.58,
      "unit": "€/l"
    },
    "productPriceWithLoyaltyCard": {
      "value": 7.49,
      "unit": "€"
    },
    "productPricePerUnitWithLoyaltyCard": {
      "value": 14.98,
      "unit": "€/l"
    },
    "imageUrl": "https://cdn.barbora.lv/products/25d04830-baba-4aec-9775-e209253ea94b_s.png",
    "available": true,
    "discount": 15
  },
  {
    "shop": "MAXIMA",
    "categories": [
      1,
      1001,
      10010016
    ],
    "productName": "Degvīns GRADUS 40% 0,5L",
    "productPriceOld": {
      "value": 9.02,
      "unit": "€"
    },
    "productPrice": {
      "value": 7.49,
      "unit": "€"
    },
    "productPricePerUnit": {
      "value": 14.98,
      "unit": "€/l"
    },
    "productPriceWithLoyaltyCard": null,
    "productPricePerUnitWithLoyaltyCard": null,
    "imageUrl": "https://cdn.barbora.lv/products/4e259441-d675-407e-a877-a9711eebfea7_s.png",
    "available": true,
    "discount": 17
  },
  {
    "shop": "MAXIMA",
    "categories": [
      1,
      1001,
      10010019
    ],
    "productName": "Stipr.alk.dzēriens DUKATS 38% 0,7l",
    "productPriceOld": {
      "value": 12.49,
      "unit": "€"
    },
    "productPrice": {
      "value": 10.49,
      "unit": "€"
    },
    "productPricePerUnit": {
      "value": 14.98,
      "unit": "€/l"
    },
    "productPriceWithLoyaltyCard": null,
    "productPricePerUnitWithLoyaltyCard": null,
    "imageUrl": "https://cdn.barbora.lv/products/cf286b74-8af7-410b-aa04-de8f0fed8619_s.png",
    "available": true,
    "discount": 16
  },
  {
    "shop": "CITRO",
    "categories": [
      1,
      1001,
      10010019
    ],
    "productName": "ST.ALK.DZ. BONUS 36% 0.5L",
    "productPriceOld": {
      "value": 7.99,
      "unit": "€"
    },
    "productPrice": {
      "value": 7.49,
      "unit": "€"
    },
    "productPricePerUnit": {
      "value": 14.98,
      "unit": "€/L"
    },
    "productPriceWithLoyaltyCard": null,
    "productPricePerUnitWithLoyaltyCard": null,
    "imageUrl": "https://rezekne.citro.lv/wp-content/uploads/2021/02/4750036171897-300x300.jpg",
    "available": true,
    "discount": 6
  },
  {
    "shop": "CITRO",
    "categories": [
      1,
      1001,
      10010019
    ],
    "productName": "ST.ALK.DZ.BLANCERE 36% 0.5L",
    "productPriceOld": {
      "value": 7.99,
      "unit": "€"
    },
    "productPrice": {
      "value": 7.49,
      "unit": "€"
    },
    "productPricePerUnit": {
      "value": 14.98,
      "unit": "€/L"
    },
    "productPriceWithLoyaltyCard": null,
    "productPricePerUnitWithLoyaltyCard": null,
    "imageUrl": "https://rezekne.citro.lv/wp-content/uploads/2020/07/Citro-image-placeholder-3.png",
    "available": true,
    "discount": 6
  },
  {
    "shop": "RIMI",
    "categories": [
      1,
      1001,
      10010019
    ],
    "productName": "Stiprs alkoholisk.dzēriens Bonaparte 38% 1l",
    "productPriceOld": null,
    "productPrice": {
      "value": 19.65,
      "unit": "€/gab"
    },
    "productPricePerUnit": {
      "value": 19.65,
      "unit": "€/l"
    },
    "productPriceWithLoyaltyCard": {
      "value": 14.99,
      "unit": "€"
    },
    "productPricePerUnitWithLoyaltyCard": {
      "value": 14.99,
      "unit": "€/l"
    },
    "imageUrl": "https://rimibaltic-res.cloudinary.com/image/upload/d_ecommerce:backend-fallback.png/MAT_7092320_PCE_LV",
    "available": true,
    "discount": 24
  },
  {
    "shop": "RIMI",
    "categories": [
      1,
      1001,
      1001007
    ],
    "productName": "Rums Bartender's Club gaišais 37.5% 0,7l",
    "productPriceOld": null,
    "productPrice": {
      "value": 10.49,
      "unit": "€/gab"
    },
    "productPricePerUnit": {
      "value": 14.99,
      "unit": "€/l"
    },
    "productPriceWithLoyaltyCard": null,
    "productPricePerUnitWithLoyaltyCard": null,
    "imageUrl": "https://rimibaltic-res.cloudinary.com/image/upload/d_ecommerce:backend-fallback.png/MAT_802156_PCE_LV",
    "available": true,
    "discount": null
  },
  {
    "shop": "RIMI",
    "categories": [
      1,
      1001,
      1001007
    ],
    "productName": "Rums Bartender's Club gaišais 37.5% 0,7l",
    "productPriceOld": null,
    "productPrice": {
      "value": 10.49,
      "unit": "€/gab"
    },
    "productPricePerUnit": {
      "value": 14.99,
      "unit": "€/l"
    },
    "productPriceWithLoyaltyCard": null,
    "productPricePerUnitWithLoyaltyCard": null,
    "imageUrl": "https://rimibaltic-res.cloudinary.com/image/upload/d_ecommerce:backend-fallback.png/MAT_802156_PCE_LV",
    "available": true,
    "discount": null
  },
  {
    "shop": "MAXIMA",
    "categories": [
      1,
      1001,
      1001007
    ],
    "productName": "Rums JAMIE PARRA White 37,5% 0,7L",
    "productPriceOld": null,
    "productPrice": {
      "value": 10.49,
      "unit": "€"
    },
    "productPricePerUnit": {
      "value": 14.99,
      "unit": "€/l"
    },
    "productPriceWithLoyaltyCard": null,
    "productPricePerUnitWithLoyaltyCard": null,
    "imageUrl": "https://cdn.barbora.lv/products/278f5e50-0e14-428e-aa79-3682868b876e_s.png",
    "available": true,
    "discount": null
  },
  {
    "shop": "MAXIMA",
    "categories": [
      1,
      1001,
      1001007
    ],
    "productName": "Rums JAMIE PARRA Dark 37,5% 0,7L",
    "productPriceOld": null,
    "productPrice": {
      "value": 10.49,
      "unit": "€"
    },
    "productPricePerUnit": {
      "value": 14.99,
      "unit": "€/l"
    },
    "productPriceWithLoyaltyCard": null,
    "productPricePerUnitWithLoyaltyCard": null,
    "imageUrl": "https://cdn.barbora.lv/products/209b6883-2b4b-4607-a832-93fb7743719c_s.png",
    "available": true,
    "discount": null
  },
  {
    "shop": "MAXIMA",
    "categories": [
      2,
      2002
    ],
    "productName": "Torte Mascarpone MEISTARA MARKA kg",
    "productPriceOld": null,
    "productPrice": {
      "value": 14.99,
      "unit": "€"
    },
    "productPricePerUnit": {
      "value": 14.99,
      "unit": "€/kg"
    },
    "productPriceWithLoyaltyCard": null,
    "productPricePerUnitWithLoyaltyCard": null,
    "imageUrl": "https://cdn.barbora.lv/products/9651d262-c38d-4e76-a7d5-0de9f43ff264_s.png",
    "available": true,
    "discount": null
  },
  {
    "shop": "MAXIMA",
    "categories": [
      2,
      2002
    ],
    "productName": "Torte Mango siera MEISTARA MARKA kg",
    "productPriceOld": null,
    "productPrice": {
      "value": 14.99,
      "unit": "€"
    },
    "productPricePerUnit": {
      "value": 14.99,
      "unit": "€/kg"
    },
    "productPriceWithLoyaltyCard": null,
    "productPricePerUnitWithLoyaltyCard": null,
    "imageUrl": "https://cdn.barbora.lv/products/4a96857f-56f2-427f-94ed-fd4a4a6260af_s.png",
    "available": true,
    "discount": null
  },
  {
    "shop": "MAXIMA",
    "categories": [
      2,
      2002
    ],
    "productName": "Torte Riekstu šokolāde MEISTARA MARKA kg",
    "productPriceOld": null,
    "productPrice": {
      "value": 14.99,
      "unit": "€"
    },
    "productPricePerUnit": {
      "value": 14.99,
      "unit": "€/kg"
    },
    "productPriceWithLoyaltyCard": null,
    "productPricePerUnitWithLoyaltyCard": null,
    "imageUrl": "https://cdn.barbora.lv/products/7ba0896e-63bc-481b-af63-5938d28e9950_s.png",
    "available": true,
    "discount": null
  },
  {
    "shop": "RIMI",
    "categories": [
      1,
      1001,
      1001003
    ],
    "productName": "B.v. Detective Sauvignon Blanc 11% 0,75l",
    "productPriceOld": null,
    "productPrice": {
      "value": 11.25,
      "unit": "€/gab"
    },
    "productPricePerUnit": {
      "value": 15,
      "unit": "€/l"
    },
    "productPriceWithLoyaltyCard": null,
    "productPricePerUnitWithLoyaltyCard": null,
    "imageUrl": "https://rimibaltic-res.cloudinary.com/image/upload/d_ecommerce:backend-fallback.png/MAT_7299364_PCE_LV",
    "available": true,
    "discount": null
  },
  {
    "shop": "RIMI",
    "categories": [
      1,
      1001,
      1001003
    ],
    "productName": "S.v. Detective Grenache Noir 15% 0,75l",
    "productPriceOld": null,
    "productPrice": {
      "value": 11.25,
      "unit": "€/gab"
    },
    "productPricePerUnit": {
      "value": 15,
      "unit": "€/l"
    },
    "productPriceWithLoyaltyCard": null,
    "productPricePerUnitWithLoyaltyCard": null,
    "imageUrl": "https://rimibaltic-res.cloudinary.com/image/upload/d_ecommerce:backend-fallback.png/MAT_7249167_PCE_LV",
    "available": true,
    "discount": null
  },
  {
    "shop": "RIMI",
    "categories": [
      1,
      1001,
      1001003
    ],
    "productName": "S.v. Adati Alazani Valley 12,5% 0,75l",
    "productPriceOld": null,
    "productPrice": {
      "value": 11.25,
      "unit": "€/gab"
    },
    "productPricePerUnit": {
      "value": 15,
      "unit": "€/l"
    },
    "productPriceWithLoyaltyCard": null,
    "productPricePerUnitWithLoyaltyCard": null,
    "imageUrl": "https://rimibaltic-res.cloudinary.com/image/upload/d_ecommerce:backend-fallback.png/MAT_7086400_PCE_LV",
    "available": true,
    "discount": null
  },
  {
    "shop": "RIMI",
    "categories": [
      1,
      1001,
      1001003
    ],
    "productName": "S.v. Las Invernadas Malbec 13,5% 0,75l",
    "productPriceOld": null,
    "productPrice": {
      "value": 11.25,
      "unit": "€/gab"
    },
    "productPricePerUnit": {
      "value": 15,
      "unit": "€/l"
    },
    "productPriceWithLoyaltyCard": null,
    "productPricePerUnitWithLoyaltyCard": null,
    "imageUrl": "https://rimibaltic-res.cloudinary.com/image/upload/d_ecommerce:backend-fallback.png/MAT_7238706_PCE_LV",
    "available": true,
    "discount": null
  },
  {
    "shop": "RIMI",
    "categories": [
      1,
      1001,
      1001003
    ],
    "productName": "B.v. Detective Viognier 13,5% 0,75l",
    "productPriceOld": null,
    "productPrice": {
      "value": 11.25,
      "unit": "€/gab"
    },
    "productPricePerUnit": {
      "value": 15,
      "unit": "€/l"
    },
    "productPriceWithLoyaltyCard": null,
    "productPricePerUnitWithLoyaltyCard": null,
    "imageUrl": "https://rimibaltic-res.cloudinary.com/image/upload/d_ecommerce:backend-fallback.png/MAT_7267377_PCE_LV",
    "available": true,
    "discount": null
  },
  {
    "shop": "RIMI",
    "categories": [
      1,
      1001,
      1001003
    ],
    "productName": "B.v. La Croisade Chardonnay 13,5% 0,75l",
    "productPriceOld": null,
    "productPrice": {
      "value": 11.25,
      "unit": "€/gab"
    },
    "productPricePerUnit": {
      "value": 15,
      "unit": "€/l"
    },
    "productPriceWithLoyaltyCard": null,
    "productPricePerUnitWithLoyaltyCard": null,
    "imageUrl": "https://rimibaltic-res.cloudinary.com/image/upload/d_ecommerce:backend-fallback.png/MAT_7249166_PCE_LV",
    "available": true,
    "discount": null
  },
  {
    "shop": "RIMI",
    "categories": [
      1,
      1001,
      1001003
    ],
    "productName": "B.v. Adati Alazani Valley 11% 0,75l",
    "productPriceOld": null,
    "productPrice": {
      "value": 11.25,
      "unit": "€/gab"
    },
    "productPricePerUnit": {
      "value": 15,
      "unit": "€/l"
    },
    "productPriceWithLoyaltyCard": null,
    "productPricePerUnitWithLoyaltyCard": null,
    "imageUrl": "https://rimibaltic-res.cloudinary.com/image/upload/d_ecommerce:backend-fallback.png/MAT_7086389_PCE_LV",
    "available": true,
    "discount": null
  },
  {
    "shop": "RIMI",
    "categories": [
      1,
      1001,
      1001003
    ],
    "productName": "S.v. Las Invernadas Cabern. Sauv. 13,5% 0,75l",
    "productPriceOld": null,
    "productPrice": {
      "value": 11.25,
      "unit": "€/gab"
    },
    "productPricePerUnit": {
      "value": 15,
      "unit": "€/l"
    },
    "productPriceWithLoyaltyCard": null,
    "productPricePerUnitWithLoyaltyCard": null,
    "imageUrl": "https://rimibaltic-res.cloudinary.com/image/upload/d_ecommerce:backend-fallback.png/MAT_7238717_PCE_LV",
    "available": true,
    "discount": null
  },
  {
    "shop": "RIMI",
    "categories": [
      1,
      1001,
      1001003
    ],
    "productName": "S.v. Las Invernadas Cabern. Sauv. 13,5% 0,75l",
    "productPriceOld": null,
    "productPrice": {
      "value": 11.25,
      "unit": "€/gab"
    },
    "productPricePerUnit": {
      "value": 15,
      "unit": "€/l"
    },
    "productPriceWithLoyaltyCard": null,
    "productPricePerUnitWithLoyaltyCard": null,
    "imageUrl": "https://rimibaltic-res.cloudinary.com/image/upload/d_ecommerce:backend-fallback.png/MAT_7238717_PCE_LV",
    "available": true,
    "discount": null
  },
  {
    "shop": "RIMI",
    "categories": [
      1,
      1001,
      1001004
    ],
    "productName": "Dz.v. Jaume Serra Castelfino Brut 11,5% 0,75l",
    "productPriceOld": null,
    "productPrice": {
      "value": 11.25,
      "unit": "€/gab"
    },
    "productPricePerUnit": {
      "value": 15,
      "unit": "€/l"
    },
    "productPriceWithLoyaltyCard": null,
    "productPricePerUnitWithLoyaltyCard": null,
    "imageUrl": "https://rimibaltic-res.cloudinary.com/image/upload/d_ecommerce:backend-fallback.png/MAT_106073_PCE_LV",
    "available": true,
    "discount": null
  },
  {
    "shop": "RIMI",
    "categories": [
      1,
      1001,
      1001004
    ],
    "productName": "Dz.v. Jaume Serra Semi Secco 11,5% 0,75l",
    "productPriceOld": null,
    "productPrice": {
      "value": 11.25,
      "unit": "€/gab"
    },
    "productPricePerUnit": {
      "value": 15,
      "unit": "€/l"
    },
    "productPriceWithLoyaltyCard": null,
    "productPricePerUnitWithLoyaltyCard": null,
    "imageUrl": "https://rimibaltic-res.cloudinary.com/image/upload/d_ecommerce:backend-fallback.png/MAT_106232_PCE_LV",
    "available": true,
    "discount": null
  },
  {
    "shop": "RIMI",
    "categories": [
      1,
      1001,
      1001003
    ],
    "productName": "Sarkanvīns BBQ&Bistecca Syrah BIO 13,5% 0,75l",
    "productPriceOld": null,
    "productPrice": {
      "value": 11.25,
      "unit": "€/gab"
    },
    "productPricePerUnit": {
      "value": 15,
      "unit": "€/l"
    },
    "productPriceWithLoyaltyCard": null,
    "productPricePerUnitWithLoyaltyCard": null,
    "imageUrl": "https://rimibaltic-res.cloudinary.com/image/upload/d_ecommerce:backend-fallback.png/MAT_7284939_PCE_LV",
    "available": true,
    "discount": null
  },
  {
    "shop": "RIMI",
    "categories": [
      1,
      1001,
      1001003
    ],
    "productName": "Baltvīns Culo&Camicia Sauvignon BIO 13% 0,75l",
    "productPriceOld": null,
    "productPrice": {
      "value": 11.25,
      "unit": "€/gab"
    },
    "productPricePerUnit": {
      "value": 15,
      "unit": "€/l"
    },
    "productPriceWithLoyaltyCard": null,
    "productPricePerUnitWithLoyaltyCard": null,
    "imageUrl": "https://rimibaltic-res.cloudinary.com/image/upload/d_ecommerce:backend-fallback.png/MAT_7284973_PCE_LV",
    "available": true,
    "discount": null
  },
  {
    "shop": "RIMI",
    "categories": [
      1,
      1001,
      1001003
    ],
    "productName": "S.v. Centrico Pinot Noir sauss 13% 0,75l",
    "productPriceOld": null,
    "productPrice": {
      "value": 11.25,
      "unit": "€/gab"
    },
    "productPricePerUnit": {
      "value": 15,
      "unit": "€/l"
    },
    "productPriceWithLoyaltyCard": null,
    "productPricePerUnitWithLoyaltyCard": null,
    "imageUrl": "https://rimibaltic-res.cloudinary.com/image/upload/d_ecommerce:backend-fallback.png/MAT_7299253_PCE_LV",
    "available": true,
    "discount": null
  },
  {
    "shop": "RIMI",
    "categories": [
      1,
      1001,
      1001003
    ],
    "productName": "S.v. La Croisade Cabernet Syrah 13,5% 0,75l",
    "productPriceOld": null,
    "productPrice": {
      "value": 11.25,
      "unit": "€/gab"
    },
    "productPricePerUnit": {
      "value": 15,
      "unit": "€/l"
    },
    "productPriceWithLoyaltyCard": null,
    "productPricePerUnitWithLoyaltyCard": null,
    "imageUrl": "https://rimibaltic-res.cloudinary.com/image/upload/d_ecommerce:backend-fallback.png/MAT_7249184_PCE_LV",
    "available": true,
    "discount": null
  },
  {
    "shop": "RIMI",
    "categories": [
      1,
      1001,
      1001003
    ],
    "productName": "Rozā vīns Bio Cantine Vino Rosato 12% 0,75l",
    "productPriceOld": null,
    "productPrice": {
      "value": 11.25,
      "unit": "€/gab"
    },
    "productPricePerUnit": {
      "value": 15,
      "unit": "€/l"
    },
    "productPriceWithLoyaltyCard": null,
    "productPricePerUnitWithLoyaltyCard": null,
    "imageUrl": "https://rimibaltic-res.cloudinary.com/image/upload/d_ecommerce:backend-fallback.png/MAT_7284982_PCE_LV",
    "available": true,
    "discount": null
  },
  {
    "shop": "RIMI",
    "categories": [
      1,
      1001,
      1001003
    ],
    "productName": "Sarkanvīns Hard&Rock Cabernet BIO 14% 0,75l",
    "productPriceOld": null,
    "productPrice": {
      "value": 11.25,
      "unit": "€/gab"
    },
    "productPricePerUnit": {
      "value": 15,
      "unit": "€/l"
    },
    "productPriceWithLoyaltyCard": null,
    "productPricePerUnitWithLoyaltyCard": null,
    "imageUrl": "https://rimibaltic-res.cloudinary.com/image/upload/d_ecommerce:backend-fallback.png/MAT_7284981_PCE_LV",
    "available": true,
    "discount": null
  },
  {
    "shop": "MAXIMA",
    "categories": [
      1,
      1002,
      10010021
    ],
    "productName": "Gāzēts dzēriens RAMUNE Līčijas g. 0,2L D",
    "productPriceOld": null,
    "productPrice": {
      "value": 3,
      "unit": "€"
    },
    "productPricePerUnit": {
      "value": 15,
      "unit": "€/l"
    },
    "productPriceWithLoyaltyCard": null,
    "productPricePerUnitWithLoyaltyCard": null,
    "imageUrl": "https://cdn.barbora.lv/products/91dfd322-6883-43dc-980f-22d107bd660b_s.png",
    "available": true,
    "discount": null
  },
  {
    "shop": "MAXIMA",
    "categories": [
      1,
      1002,
      10010021
    ],
    "productName": "Gāzēts dzēriens RAMUNE Melones g. 0,2L D",
    "productPriceOld": null,
    "productPrice": {
      "value": 3,
      "unit": "€"
    },
    "productPricePerUnit": {
      "value": 15,
      "unit": "€/l"
    },
    "productPriceWithLoyaltyCard": null,
    "productPricePerUnitWithLoyaltyCard": null,
    "imageUrl": "https://cdn.barbora.lv/products/a8688ee1-57e4-4ea4-b57f-31e98b395157_s.png",
    "available": true,
    "discount": null
  },
  {
    "shop": "MAXIMA",
    "categories": [
      1,
      1002,
      10010021
    ],
    "productName": "Gāzēts dzēriens RAMUNE Ananasu g. 0,2L D",
    "productPriceOld": null,
    "productPrice": {
      "value": 3,
      "unit": "€"
    },
    "productPricePerUnit": {
      "value": 15,
      "unit": "€/l"
    },
    "productPriceWithLoyaltyCard": null,
    "productPricePerUnitWithLoyaltyCard": null,
    "imageUrl": "https://cdn.barbora.lv/products/5f853ecc-43ae-46bc-b161-94d415a8f52d_s.png",
    "available": true,
    "discount": null
  },
  {
    "shop": "MAXIMA",
    "categories": [
      1,
      1001,
      10010013
    ],
    "productName": "Uzlējums MOROSHA Cranberry 21% 0,5L",
    "productPriceOld": null,
    "productPrice": {
      "value": 7.51,
      "unit": "€"
    },
    "productPricePerUnit": {
      "value": 15.02,
      "unit": "€/l"
    },
    "productPriceWithLoyaltyCard": null,
    "productPricePerUnitWithLoyaltyCard": null,
    "imageUrl": "https://cdn.barbora.lv/products/a1aab1e9-b2a7-406f-92c8-b900195e98a7_s.png",
    "available": true,
    "discount": null
  },
  {
    "shop": "RIMI",
    "categories": [
      1,
      1001,
      1001003
    ],
    "productName": "S.v. Croix de Montplaisir 14% 0,75l",
    "productPriceOld": null,
    "productPrice": {
      "value": 11.29,
      "unit": "€/gab"
    },
    "productPricePerUnit": {
      "value": 15.05,
      "unit": "€/l"
    },
    "productPriceWithLoyaltyCard": null,
    "productPricePerUnitWithLoyaltyCard": null,
    "imageUrl": "https://rimibaltic-res.cloudinary.com/image/upload/d_ecommerce:backend-fallback.png/MAT_7248460_PCE_LV",
    "available": true,
    "discount": null
  },
  {
    "shop": "RIMI",
    "categories": [
      1,
      1001,
      1001003
    ],
    "productName": "B.v. Adati Rkatsiteli 12% 0,75l",
    "productPriceOld": null,
    "productPrice": {
      "value": 11.29,
      "unit": "€/gab"
    },
    "productPricePerUnit": {
      "value": 15.05,
      "unit": "€/l"
    },
    "productPriceWithLoyaltyCard": null,
    "productPricePerUnitWithLoyaltyCard": null,
    "imageUrl": "https://rimibaltic-res.cloudinary.com/image/upload/d_ecommerce:backend-fallback.png/MAT_7252169_PCE_LV",
    "available": true,
    "discount": null
  },
  {
    "shop": "MAXIMA",
    "categories": [
      1,
      1001,
      1001003
    ],
    "productName": "Dzirkstošais vīns MURVIEDRO Cava Brut BIO 11,5% 0,75L",
    "productPriceOld": null,
    "productPrice": {
      "value": 11.29,
      "unit": "€"
    },
    "productPricePerUnit": {
      "value": 15.05,
      "unit": "€/l"
    },
    "productPriceWithLoyaltyCard": null,
    "productPricePerUnitWithLoyaltyCard": null,
    "imageUrl": "https://cdn.barbora.lv/products/141e2dc9-bf46-4dc1-b210-f43d09892907_s.png",
    "available": true,
    "discount": null
  },
  {
    "shop": "MAXIMA",
    "categories": [
      1,
      1001,
      1001003
    ],
    "productName": "Vīns CONO SUR C.Sauv.Carmenere 13% 0,75L",
    "productPriceOld": null,
    "productPrice": {
      "value": 11.29,
      "unit": "€"
    },
    "productPricePerUnit": {
      "value": 15.05,
      "unit": "€/l"
    },
    "productPriceWithLoyaltyCard": null,
    "productPricePerUnitWithLoyaltyCard": null,
    "imageUrl": "https://cdn.barbora.lv/products/7a4a18af-ab95-4cf3-9583-b2fb0917a7ac_s.png",
    "available": true,
    "discount": null
  },
  {
    "shop": "MAXIMA",
    "categories": [
      1,
      1001,
      1001003
    ],
    "productName": "Vīns CONO SUR Sauvignon Blanc 12% 0,75L",
    "productPriceOld": null,
    "productPrice": {
      "value": 11.29,
      "unit": "€"
    },
    "productPricePerUnit": {
      "value": 15.05,
      "unit": "€/l"
    },
    "productPriceWithLoyaltyCard": null,
    "productPricePerUnitWithLoyaltyCard": null,
    "imageUrl": "https://cdn.barbora.lv/products/5b7e6810-b59b-4cf3-82d6-5c02a83d5ee8_s.png",
    "available": true,
    "discount": null
  },
  {
    "shop": "MAXIMA",
    "categories": [
      1,
      1001,
      1001004
    ],
    "productName": "Dz.v.MURVIEDRO Cava Br.Nature 11,5%0,75L",
    "productPriceOld": null,
    "productPrice": {
      "value": 11.29,
      "unit": "€"
    },
    "productPricePerUnit": {
      "value": 15.05,
      "unit": "€/l"
    },
    "productPriceWithLoyaltyCard": null,
    "productPricePerUnitWithLoyaltyCard": null,
    "imageUrl": "https://cdn.barbora.lv/products/68b74fec-2b73-49e9-94ad-e9573886a9c9_s.png",
    "available": true,
    "discount": null
  },
  {
    "shop": "MAXIMA",
    "categories": [
      1,
      1001,
      1001003
    ],
    "productName": "Vīns BPHR BORDEAUX BLANC 12% 0,75L",
    "productPriceOld": null,
    "productPrice": {
      "value": 11.29,
      "unit": "€"
    },
    "productPricePerUnit": {
      "value": 15.05,
      "unit": "€/l"
    },
    "productPriceWithLoyaltyCard": null,
    "productPricePerUnitWithLoyaltyCard": null,
    "imageUrl": "https://cdn.barbora.lv/products/7b7ad79f-597d-4c46-a35c-3c31f8f95a2a_s.png",
    "available": true,
    "discount": null
  },
  {
    "shop": "MAXIMA",
    "categories": [
      1,
      1001,
      1001003
    ],
    "productName": "Vīns ASIO OTUS Ch.Sauv.Blanc 12,5% 0,75L",
    "productPriceOld": null,
    "productPrice": {
      "value": 11.29,
      "unit": "€"
    },
    "productPricePerUnit": {
      "value": 15.05,
      "unit": "€/l"
    },
    "productPriceWithLoyaltyCard": null,
    "productPricePerUnitWithLoyaltyCard": null,
    "imageUrl": "https://cdn.barbora.lv/products/715e13e5-1a84-41fc-89e8-c8ed3daff123_s.png",
    "available": true,
    "discount": null
  },
  {
    "shop": "MAXIMA",
    "categories": [
      2,
      2002
    ],
    "productName": "Torte Zemeņu-biezpiena LM 730g",
    "productPriceOld": null,
    "productPrice": {
      "value": 10.99,
      "unit": "€"
    },
    "productPricePerUnit": {
      "value": 15.05,
      "unit": "€/kg"
    },
    "productPriceWithLoyaltyCard": null,
    "productPricePerUnitWithLoyaltyCard": null,
    "imageUrl": "https://cdn.barbora.lv/products/e283a706-19b4-4e6b-a5f1-c727f006afd7_s.png",
    "available": true,
    "discount": null
  },
  {
    "shop": "CITRO",
    "categories": [
      1,
      1001,
      10010016
    ],
    "productName": "DEGVĪNS VODOČKA 38% 0.35L",
    "productPriceOld": {
      "value": 5.69,
      "unit": "€"
    },
    "productPrice": {
      "value": 5.29,
      "unit": "€"
    },
    "productPricePerUnit": {
      "value": 15.11,
      "unit": "€/L"
    },
    "productPriceWithLoyaltyCard": null,
    "productPricePerUnitWithLoyaltyCard": null,
    "imageUrl": "https://rezekne.citro.lv/wp-content/uploads/2021/02/4750036000142-300x300.jpg",
    "available": true,
    "discount": 7
  },
  {
    "shop": "CITRO",
    "categories": [
      1,
      1001,
      10010019
    ],
    "productName": "ST.ALK.DZ. HEKTORS 32% 0.35L",
    "productPriceOld": null,
    "productPrice": null,
    "productPricePerUnit": {
      "value": 15.11,
      "unit": "€/L"
    },
    "productPriceWithLoyaltyCard": null,
    "productPricePerUnitWithLoyaltyCard": null,
    "imageUrl": "https://rezekne.citro.lv/wp-content/uploads/2020/04/4750021531279-300x300.jpg",
    "available": true,
    "discount": null
  },
  {
    "shop": "RIMI",
    "categories": [
      1,
      1001,
      1001009
    ],
    "productName": "Viskijs Bartender's Club Scotch 40% 0,7l",
    "productPriceOld": null,
    "productPrice": {
      "value": 10.59,
      "unit": "€/gab"
    },
    "productPricePerUnit": {
      "value": 15.13,
      "unit": "€/l"
    },
    "productPriceWithLoyaltyCard": null,
    "productPricePerUnitWithLoyaltyCard": null,
    "imageUrl": "https://rimibaltic-res.cloudinary.com/image/upload/d_ecommerce:backend-fallback.png/MAT_802167_PCE_LV",
    "available": true,
    "discount": null
  },
  {
    "shop": "RIMI",
    "categories": [
      1,
      1001,
      1001003
    ],
    "productName": "S.v. Lago Sagrado Reserva 13,5% 0,75l",
    "productPriceOld": null,
    "productPrice": {
      "value": 11.35,
      "unit": "€/gab"
    },
    "productPricePerUnit": {
      "value": 15.13,
      "unit": "€/l"
    },
    "productPriceWithLoyaltyCard": null,
    "productPricePerUnitWithLoyaltyCard": null,
    "imageUrl": "https://rimibaltic-res.cloudinary.com/image/upload/d_ecommerce:backend-fallback.png/MAT_7289325_PCE_LV",
    "available": true,
    "discount": null
  },
  {
    "shop": "RIMI",
    "categories": [
      1,
      1001,
      10010016
    ],
    "productName": "Arom. degvīns Arsenič dzērveņu 40% 0,7l",
    "productPriceOld": null,
    "productPrice": {
      "value": 15.49,
      "unit": "€/gab"
    },
    "productPricePerUnit": {
      "value": 22.13,
      "unit": "€/l"
    },
    "productPriceWithLoyaltyCard": {
      "value": 10.59,
      "unit": "€"
    },
    "productPricePerUnitWithLoyaltyCard": {
      "value": 15.13,
      "unit": "€/l"
    },
    "imageUrl": "https://rimibaltic-res.cloudinary.com/image/upload/d_ecommerce:backend-fallback.png/MAT_737601_PCE_LV",
    "available": true,
    "discount": 32
  },
  {
    "shop": "RIMI",
    "categories": [
      1,
      1001,
      10010016
    ],
    "productName": "Arom. degv. Arsenič smiltsērkšķu 40% 0,7l",
    "productPriceOld": null,
    "productPrice": {
      "value": 15.49,
      "unit": "€/gab"
    },
    "productPricePerUnit": {
      "value": 22.13,
      "unit": "€/l"
    },
    "productPriceWithLoyaltyCard": {
      "value": 10.59,
      "unit": "€"
    },
    "productPricePerUnitWithLoyaltyCard": {
      "value": 15.13,
      "unit": "€/l"
    },
    "imageUrl": "https://rimibaltic-res.cloudinary.com/image/upload/d_ecommerce:backend-fallback.png/MAT_138948_PCE_LV",
    "available": true,
    "discount": 32
  },
  {
    "shop": "RIMI",
    "categories": [
      2,
      2005
    ],
    "productName": "Kūka Kūko melleņu 340g",
    "productPriceOld": null,
    "productPrice": {
      "value": 5.15,
      "unit": "€/gab"
    },
    "productPricePerUnit": {
      "value": 15.15,
      "unit": "€/kg"
    },
    "productPriceWithLoyaltyCard": null,
    "productPricePerUnitWithLoyaltyCard": null,
    "imageUrl": "https://rimibaltic-res.cloudinary.com/image/upload/d_ecommerce:backend-fallback.png/MAT_4001099_PCE_LV",
    "available": true,
    "discount": null
  },
  {
    "shop": "MAXIMA",
    "categories": [
      1,
      1001,
      1001009
    ],
    "productName": "Viskijs RENDALLS Blended Scotch 40% 0,7L",
    "productPriceOld": null,
    "productPrice": {
      "value": 10.61,
      "unit": "€"
    },
    "productPricePerUnit": {
      "value": 15.16,
      "unit": "€/l"
    },
    "productPriceWithLoyaltyCard": null,
    "productPricePerUnitWithLoyaltyCard": null,
    "imageUrl": "https://cdn.barbora.lv/products/9d3aa29b-5aa8-472d-a880-2a1feb105c20_s.png",
    "available": true,
    "discount": null
  },
  {
    "shop": "RIMI",
    "categories": [
      1,
      1001,
      10010016
    ],
    "productName": "Degvīns Gorilka Pšeničnaja 40% 0,5l",
    "productPriceOld": null,
    "productPrice": {
      "value": 14.25,
      "unit": "€/gab"
    },
    "productPricePerUnit": {
      "value": 28.5,
      "unit": "€/l"
    },
    "productPriceWithLoyaltyCard": {
      "value": 7.59,
      "unit": "€"
    },
    "productPricePerUnitWithLoyaltyCard": {
      "value": 15.18,
      "unit": "€/l"
    },
    "imageUrl": "https://rimibaltic-res.cloudinary.com/image/upload/d_ecommerce:backend-fallback.png/MAT_7281614_PCE_LV",
    "available": true,
    "discount": 47
  },
  {
    "shop": "RIMI",
    "categories": [
      1,
      1001,
      10010016
    ],
    "productName": "Degvīns Gorilka Pšeničnaja 40% 0,5l",
    "productPriceOld": null,
    "productPrice": {
      "value": 14.25,
      "unit": "€/gab"
    },
    "productPricePerUnit": {
      "value": 28.5,
      "unit": "€/l"
    },
    "productPriceWithLoyaltyCard": {
      "value": 7.59,
      "unit": "€"
    },
    "productPricePerUnitWithLoyaltyCard": {
      "value": 15.18,
      "unit": "€/l"
    },
    "imageUrl": "https://rimibaltic-res.cloudinary.com/image/upload/d_ecommerce:backend-fallback.png/MAT_7281614_PCE_LV",
    "available": true,
    "discount": 47
  },
  {
    "shop": "RIMI",
    "categories": [
      1,
      1001,
      10010016
    ],
    "productName": "Degvīns Gorilka Ržanaja 40% 0,5l",
    "productPriceOld": null,
    "productPrice": {
      "value": 14.15,
      "unit": "€/gab"
    },
    "productPricePerUnit": {
      "value": 28.3,
      "unit": "€/l"
    },
    "productPriceWithLoyaltyCard": {
      "value": 7.59,
      "unit": "€"
    },
    "productPricePerUnitWithLoyaltyCard": {
      "value": 15.18,
      "unit": "€/l"
    },
    "imageUrl": "https://rimibaltic-res.cloudinary.com/image/upload/d_ecommerce:backend-fallback.png/MAT_7281595_PCE_LV",
    "available": true,
    "discount": 46
  },
  {
    "shop": "MAXIMA",
    "categories": [
      1,
      1001,
      10010019
    ],
    "productName": "St.alk.dz.SLAVJANKA KĻUKVA 20% 0,5l",
    "productPriceOld": null,
    "productPrice": {
      "value": 7.59,
      "unit": "€"
    },
    "productPricePerUnit": {
      "value": 15.18,
      "unit": "€/l"
    },
    "productPriceWithLoyaltyCard": null,
    "productPricePerUnitWithLoyaltyCard": null,
    "imageUrl": "https://cdn.barbora.lv/products/c466fad8-2bc3-4198-843a-c6589a5ffff8_s.png",
    "available": true,
    "discount": null
  },
  {
    "shop": "RIMI",
    "categories": [
      1,
      1001,
      1001003
    ],
    "productName": "B.v. Dr. Loosen Riesling 8,5% 0,75l",
    "productPriceOld": null,
    "productPrice": {
      "value": 11.39,
      "unit": "€/gab"
    },
    "productPricePerUnit": {
      "value": 15.19,
      "unit": "€/l"
    },
    "productPriceWithLoyaltyCard": null,
    "productPricePerUnitWithLoyaltyCard": null,
    "imageUrl": "https://rimibaltic-res.cloudinary.com/image/upload/d_ecommerce:backend-fallback.png/MAT_713683_PCE_LV",
    "available": true,
    "discount": null
  },
  {
    "shop": "RIMI",
    "categories": [
      1,
      1001,
      1001004
    ],
    "productName": "Dz. vīns Botter Prosecco Spumante 11% 0,75l",
    "productPriceOld": null,
    "productPrice": {
      "value": 11.39,
      "unit": "€/gab"
    },
    "productPricePerUnit": {
      "value": 15.19,
      "unit": "€/l"
    },
    "productPriceWithLoyaltyCard": null,
    "productPricePerUnitWithLoyaltyCard": null,
    "imageUrl": "https://rimibaltic-res.cloudinary.com/image/upload/d_ecommerce:backend-fallback.png/MAT_7069988_PCE_LV",
    "available": true,
    "discount": null
  },
  {
    "shop": "RIMI",
    "categories": [
      1,
      1001,
      1001003
    ],
    "productName": "B.v. Dr.Loosen Riesling Trocken '17 12% 750ml",
    "productPriceOld": null,
    "productPrice": {
      "value": 11.39,
      "unit": "€/gab"
    },
    "productPricePerUnit": {
      "value": 15.19,
      "unit": "€/l"
    },
    "productPriceWithLoyaltyCard": null,
    "productPricePerUnitWithLoyaltyCard": null,
    "imageUrl": "https://rimibaltic-res.cloudinary.com/image/upload/d_ecommerce:backend-fallback.png/MAT_7031939_PCE_LV",
    "available": true,
    "discount": null
  },
  {
    "shop": "RIMI",
    "categories": [
      1,
      1001,
      1001004
    ],
    "productName": "Dz.v. Botter Prosecco Rose 11% 0,75l",
    "productPriceOld": null,
    "productPrice": {
      "value": 11.39,
      "unit": "€/gab"
    },
    "productPricePerUnit": {
      "value": 15.19,
      "unit": "€/l"
    },
    "productPriceWithLoyaltyCard": null,
    "productPricePerUnitWithLoyaltyCard": null,
    "imageUrl": "https://rimibaltic-res.cloudinary.com/image/upload/d_ecommerce:backend-fallback.png/MAT_7241111_PCE_LV",
    "available": true,
    "discount": null
  },
  {
    "shop": "MAXIMA",
    "categories": [
      1,
      1001,
      1001004
    ],
    "productName": "Dz.vīns BOTTER Prosecco Rosato 11% 0,75L",
    "productPriceOld": null,
    "productPrice": {
      "value": 11.39,
      "unit": "€"
    },
    "productPricePerUnit": {
      "value": 15.19,
      "unit": "€/l"
    },
    "productPriceWithLoyaltyCard": null,
    "productPricePerUnitWithLoyaltyCard": null,
    "imageUrl": "https://cdn.barbora.lv/products/88dc9e38-30c0-400d-938f-719b804cf23f_s.png",
    "available": true,
    "discount": null
  },
  {
    "shop": "MAXIMA",
    "categories": [
      1,
      1001,
      1001003
    ],
    "productName": "Vīns ROCCA PRIMITIVO SALENTO 13,5% 0,75L",
    "productPriceOld": null,
    "productPrice": {
      "value": 11.39,
      "unit": "€"
    },
    "productPricePerUnit": {
      "value": 15.19,
      "unit": "€/l"
    },
    "productPriceWithLoyaltyCard": null,
    "productPricePerUnitWithLoyaltyCard": null,
    "imageUrl": "https://cdn.barbora.lv/products/62fa2978-d222-4705-bb91-a1eb149bc5a9_s.png",
    "available": true,
    "discount": null
  },
  {
    "shop": "RIMI",
    "categories": [
      1,
      1001,
      10010016
    ],
    "productName": "Degvīns Beloff 40% 0,2l",
    "productPriceOld": null,
    "productPrice": {
      "value": 3.05,
      "unit": "€/gab"
    },
    "productPricePerUnit": {
      "value": 15.25,
      "unit": "€/l"
    },
    "productPriceWithLoyaltyCard": null,
    "productPricePerUnitWithLoyaltyCard": null,
    "imageUrl": "https://rimibaltic-res.cloudinary.com/image/upload/d_ecommerce:backend-fallback.png/MAT_801603_PCE_LV",
    "available": true,
    "discount": null
  },
  {
    "shop": "CITRO",
    "categories": [
      2,
      2001,
      20010014
    ],
    "productName": "SAUSMAIZĪTES AR TOMĀTU UN OLĪVU GARŠU BRUSCHETTI MARETTI 70G",
    "productPriceOld": null,
    "productPrice": null,
    "productPricePerUnit": {
      "value": 15.29,
      "unit": "€/KG"
    },
    "productPriceWithLoyaltyCard": null,
    "productPricePerUnitWithLoyaltyCard": null,
    "imageUrl": "https://rezekne.citro.lv/wp-content/uploads/2020/12/3800205875109-300x300.jpg",
    "available": true,
    "discount": null
  },
  {
    "shop": "CITRO",
    "categories": [
      2,
      2001,
      20010014
    ],
    "productName": "SAUSMAIZĪTES AR SĒŅU GARŠU BRUSCHETTI MARETTI 70G",
    "productPriceOld": null,
    "productPrice": null,
    "productPricePerUnit": {
      "value": 15.29,
      "unit": "€/KG"
    },
    "productPriceWithLoyaltyCard": null,
    "productPricePerUnitWithLoyaltyCard": null,
    "imageUrl": "https://rezekne.citro.lv/wp-content/uploads/2020/12/3800205875208-1-300x300.jpg",
    "available": true,
    "discount": null
  },
  {
    "shop": "CITRO",
    "categories": [
      2,
      2001,
      20010014
    ],
    "productName": "SAUSMAIZĪTES AR PICAS GARŠU BRUSCHETTI MARETTI 70G",
    "productPriceOld": null,
    "productPrice": null,
    "productPricePerUnit": {
      "value": 15.29,
      "unit": "€/KG"
    },
    "productPriceWithLoyaltyCard": null,
    "productPricePerUnitWithLoyaltyCard": null,
    "imageUrl": "https://rezekne.citro.lv/wp-content/uploads/2020/12/3800205871255-300x300.jpg",
    "available": true,
    "discount": null
  },
  {
    "shop": "RIMI",
    "categories": [
      2,
      2005
    ],
    "productName": "Rulete Rulē ķiršu, šokolādes 300g",
    "productPriceOld": {
      "value": 5.69,
      "unit": "€"
    },
    "productPrice": {
      "value": 4.59,
      "unit": "€/gab"
    },
    "productPricePerUnit": {
      "value": 15.3,
      "unit": "€/kg"
    },
    "productPriceWithLoyaltyCard": null,
    "productPricePerUnitWithLoyaltyCard": null,
    "imageUrl": "https://rimibaltic-res.cloudinary.com/image/upload/d_ecommerce:backend-fallback.png/MAT_988149_PCE_LV",
    "available": true,
    "discount": 19
  },
  {
    "shop": "RIMI",
    "categories": [
      2,
      2001,
      20010014
    ],
    "productName": "Sausmaizītes Danvita ar sieru, ķiplokiem 130g",
    "productPriceOld": null,
    "productPrice": {
      "value": 1.99,
      "unit": "€/gab"
    },
    "productPricePerUnit": {
      "value": 15.31,
      "unit": "€/kg"
    },
    "productPriceWithLoyaltyCard": null,
    "productPricePerUnitWithLoyaltyCard": null,
    "imageUrl": "https://rimibaltic-res.cloudinary.com/image/upload/d_ecommerce:backend-fallback.png/MAT_295164_PCE_LV",
    "available": true,
    "discount": null
  },
  {
    "shop": "MAXIMA",
    "categories": [
      1,
      1001,
      1001003
    ],
    "productName": "VĪNS 12 E MEZZO PRIMITIVO 12.5% 0,75L",
    "productPriceOld": null,
    "productPrice": {
      "value": 11.49,
      "unit": "€"
    },
    "productPricePerUnit": {
      "value": 15.32,
      "unit": "€/l"
    },
    "productPriceWithLoyaltyCard": null,
    "productPricePerUnitWithLoyaltyCard": null,
    "imageUrl": "https://cdn.barbora.lv/products/15f3d5d0-c869-4655-8b2c-1d97dd7a811c_s.png",
    "available": true,
    "discount": null
  },
  {
    "shop": "RIMI",
    "categories": [
      2,
      2001,
      20010015
    ],
    "productName": "Ceptas sausm. Maretti sk.kr., sīpolu g. 140g",
    "productPriceOld": null,
    "productPrice": {
      "value": 2.15,
      "unit": "€/gab"
    },
    "productPricePerUnit": {
      "value": 15.36,
      "unit": "€/kg"
    },
    "productPriceWithLoyaltyCard": null,
    "productPricePerUnitWithLoyaltyCard": null,
    "imageUrl": "https://rimibaltic-res.cloudinary.com/image/upload/d_ecommerce:backend-fallback.png/MAT_4002348_PCE_LV",
    "available": true,
    "discount": null
  },
  {
    "shop": "RIMI",
    "categories": [
      2,
      2002
    ],
    "productName": "Torte Skudrupūznis 950g",
    "productPriceOld": null,
    "productPrice": {
      "value": 14.59,
      "unit": "€/gab"
    },
    "productPricePerUnit": {
      "value": 15.36,
      "unit": "€/kg"
    },
    "productPriceWithLoyaltyCard": null,
    "productPricePerUnitWithLoyaltyCard": null,
    "imageUrl": "https://rimibaltic-res.cloudinary.com/image/upload/d_ecommerce:backend-fallback.png/MAT_262644_PCE_LV",
    "available": true,
    "discount": null
  },
  {
    "shop": "RIMI",
    "categories": [
      2,
      2005
    ],
    "productName": "Kūka meža ogu 650g",
    "productPriceOld": {
      "value": 12.15,
      "unit": "€"
    },
    "productPrice": {
      "value": 9.99,
      "unit": "€/gab"
    },
    "productPricePerUnit": {
      "value": 15.37,
      "unit": "€/kg"
    },
    "productPriceWithLoyaltyCard": null,
    "productPricePerUnitWithLoyaltyCard": null,
    "imageUrl": "https://rimibaltic-res.cloudinary.com/image/upload/d_ecommerce:backend-fallback.png/MAT_987358_PCE_LV",
    "available": true,
    "discount": 18
  },
  {
    "shop": "MAXIMA",
    "categories": [
      2,
      2007
    ],
    "productName": "Kēkss ST.MICHEL MADELEINES mini šok.175g",
    "productPriceOld": null,
    "productPrice": {
      "value": 2.69,
      "unit": "€"
    },
    "productPricePerUnit": {
      "value": 15.37,
      "unit": "€/kg"
    },
    "productPriceWithLoyaltyCard": null,
    "productPricePerUnitWithLoyaltyCard": null,
    "imageUrl": "https://cdn.barbora.lv/products/ed1a6413-8c83-43b9-8111-d7ca99d66559_s.png",
    "available": true,
    "discount": null
  },
  {
    "shop": "MAXIMA",
    "categories": [
      2,
      2002
    ],
    "productName": "Tarte rabarberu LM 650g",
    "productPriceOld": null,
    "productPrice": {
      "value": 9.99,
      "unit": "€"
    },
    "productPricePerUnit": {
      "value": 15.37,
      "unit": "€/kg"
    },
    "productPriceWithLoyaltyCard": null,
    "productPricePerUnitWithLoyaltyCard": null,
    "imageUrl": "https://cdn.barbora.lv/products/2a9a1ecd-a5d2-4a6b-984c-54644b78fb62_s.png",
    "available": true,
    "discount": null
  },
  {
    "shop": "RIMI",
    "categories": [
      1,
      1001,
      1001004
    ],
    "productName": "Dz.v. La Delizia Prosecco 11% 0,75l",
    "productPriceOld": null,
    "productPrice": {
      "value": 11.55,
      "unit": "€/gab"
    },
    "productPricePerUnit": {
      "value": 15.4,
      "unit": "€/l"
    },
    "productPriceWithLoyaltyCard": null,
    "productPricePerUnitWithLoyaltyCard": null,
    "imageUrl": "https://rimibaltic-res.cloudinary.com/image/upload/d_ecommerce:backend-fallback.png/MAT_7250440_PCE_LV",
    "available": true,
    "discount": null
  },
  {
    "shop": "RIMI",
    "categories": [
      1,
      1001,
      1001004
    ],
    "productName": "Dz.v. La Delizia Prosecco Rose 11,5% 0,75l",
    "productPriceOld": null,
    "productPrice": {
      "value": 11.55,
      "unit": "€/gab"
    },
    "productPricePerUnit": {
      "value": 15.4,
      "unit": "€/l"
    },
    "productPriceWithLoyaltyCard": null,
    "productPricePerUnitWithLoyaltyCard": null,
    "imageUrl": "https://rimibaltic-res.cloudinary.com/image/upload/d_ecommerce:backend-fallback.png/MAT_7250441_PCE_LV",
    "available": true,
    "discount": null
  },
  {
    "shop": "MAXIMA",
    "categories": [
      1,
      1001,
      1001003
    ],
    "productName": "Vīns DOPPIO PASSO PRIMIT SALENT 14%0,75L",
    "productPriceOld": null,
    "productPrice": {
      "value": 11.58,
      "unit": "€"
    },
    "productPricePerUnit": {
      "value": 15.44,
      "unit": "€/l"
    },
    "productPriceWithLoyaltyCard": null,
    "productPricePerUnitWithLoyaltyCard": null,
    "imageUrl": "https://cdn.barbora.lv/products/869c7176-addf-4037-a33c-b5d9ac7e36a5_s.png",
    "available": true,
    "discount": null
  },
  {
    "shop": "MAXIMA",
    "categories": [
      1,
      1001,
      1001003
    ],
    "productName": "Vīns DOPPIO PASSO PINOT GRIG 12,5% 0,75L",
    "productPriceOld": null,
    "productPrice": {
      "value": 11.58,
      "unit": "€"
    },
    "productPricePerUnit": {
      "value": 15.44,
      "unit": "€/l"
    },
    "productPriceWithLoyaltyCard": null,
    "productPricePerUnitWithLoyaltyCard": null,
    "imageUrl": "https://cdn.barbora.lv/products/a6011c8b-ad1e-4e08-b641-36ed5d4ebe66_s.png",
    "available": true,
    "discount": null
  },
  {
    "shop": "RIMI",
    "categories": [
      2,
      2001,
      20010011
    ],
    "productName": "Sausm. Selga ar saulesp. sēk., linsēklām 200g",
    "productPriceOld": null,
    "productPrice": {
      "value": 3.09,
      "unit": "€/gab"
    },
    "productPricePerUnit": {
      "value": 15.45,
      "unit": "€/kg"
    },
    "productPriceWithLoyaltyCard": null,
    "productPricePerUnitWithLoyaltyCard": null,
    "imageUrl": "https://rimibaltic-res.cloudinary.com/image/upload/d_ecommerce:backend-fallback.png/MAT_996891_PCE_LV",
    "available": true,
    "discount": null
  },
  {
    "shop": "RIMI",
    "categories": [
      2,
      2001,
      20010011
    ],
    "productName": "Sausm. Selga ar auzu p., saulesp. sēklām 200g",
    "productPriceOld": null,
    "productPrice": {
      "value": 3.09,
      "unit": "€/gab"
    },
    "productPricePerUnit": {
      "value": 15.45,
      "unit": "€/kg"
    },
    "productPriceWithLoyaltyCard": null,
    "productPricePerUnitWithLoyaltyCard": null,
    "imageUrl": "https://rimibaltic-res.cloudinary.com/image/upload/d_ecommerce:backend-fallback.png/MAT_996878_PCE_LV",
    "available": true,
    "discount": null
  },
  {
    "shop": "RIMI",
    "categories": [
      1,
      1001,
      1001003
    ],
    "productName": "S.v. Doppio Passo Primitivo 13% 0,75l",
    "productPriceOld": null,
    "productPrice": {
      "value": 11.59,
      "unit": "€/gab"
    },
    "productPricePerUnit": {
      "value": 15.45,
      "unit": "€/l"
    },
    "productPriceWithLoyaltyCard": null,
    "productPricePerUnitWithLoyaltyCard": null,
    "imageUrl": "https://rimibaltic-res.cloudinary.com/image/upload/d_ecommerce:backend-fallback.png/MAT_776606_PCE_LV",
    "available": true,
    "discount": null
  },
  {
    "shop": "RIMI",
    "categories": [
      1,
      1001,
      10010010
    ],
    "productName": "Brendijs Ciornij Aist 38% 0,2l",
    "productPriceOld": null,
    "productPrice": {
      "value": 3.89,
      "unit": "€/gab"
    },
    "productPricePerUnit": {
      "value": 19.45,
      "unit": "€/l"
    },
    "productPriceWithLoyaltyCard": {
      "value": 3.09,
      "unit": "€"
    },
    "productPricePerUnitWithLoyaltyCard": {
      "value": 15.45,
      "unit": "€/l"
    },
    "imageUrl": "https://rimibaltic-res.cloudinary.com/image/upload/d_ecommerce:backend-fallback.png/MAT_7298970_PCE_LV",
    "available": true,
    "discount": 21
  },
  {
    "shop": "RIMI",
    "categories": [
      1,
      1001,
      10010016
    ],
    "productName": "Degvīns Arsenič 40% 0,2l",
    "productPriceOld": null,
    "productPrice": {
      "value": 3.29,
      "unit": "€/gab"
    },
    "productPricePerUnit": {
      "value": 16.45,
      "unit": "€/l"
    },
    "productPriceWithLoyaltyCard": {
      "value": 3.09,
      "unit": "€"
    },
    "productPricePerUnitWithLoyaltyCard": {
      "value": 15.45,
      "unit": "€/l"
    },
    "imageUrl": "https://rimibaltic-res.cloudinary.com/image/upload/d_ecommerce:backend-fallback.png/MAT_517496_PCE_LV",
    "available": true,
    "discount": 6
  },
  {
    "shop": "RIMI",
    "categories": [
      1,
      1001,
      1001003
    ],
    "productName": "Rozā vīns Doppio Passo Primitivo 12% 0,75l",
    "productPriceOld": null,
    "productPrice": {
      "value": 11.59,
      "unit": "€/gab"
    },
    "productPricePerUnit": {
      "value": 15.45,
      "unit": "€/l"
    },
    "productPriceWithLoyaltyCard": null,
    "productPricePerUnitWithLoyaltyCard": null,
    "imageUrl": "https://rimibaltic-res.cloudinary.com/image/upload/d_ecommerce:backend-fallback.png/MAT_7251129_PCE_LV",
    "available": true,
    "discount": null
  },
  {
    "shop": "RIMI",
    "categories": [
      1,
      1001,
      1001003
    ],
    "productName": "B.v. Doppio Passo Pinot Grigio 12,5% 0,75l",
    "productPriceOld": null,
    "productPrice": {
      "value": 11.59,
      "unit": "€/gab"
    },
    "productPricePerUnit": {
      "value": 15.45,
      "unit": "€/l"
    },
    "productPriceWithLoyaltyCard": null,
    "productPricePerUnitWithLoyaltyCard": null,
    "imageUrl": "https://rimibaltic-res.cloudinary.com/image/upload/d_ecommerce:backend-fallback.png/MAT_7189660_PCE_LV",
    "available": true,
    "discount": null
  },
  {
    "shop": "MAXIMA",
    "categories": [
      1,
      1001,
      10010019
    ],
    "productName": "Stipr.alk.dzēriens CHAMPION 38% 0,7l",
    "productPriceOld": null,
    "productPrice": {
      "value": 10.83,
      "unit": "€"
    },
    "productPricePerUnit": {
      "value": 15.47,
      "unit": "€/l"
    },
    "productPriceWithLoyaltyCard": null,
    "productPricePerUnitWithLoyaltyCard": null,
    "imageUrl": "https://cdn.barbora.lv/products/f3c0b803-3e86-4642-93b2-1492c65d9e8d_s.png",
    "available": true,
    "discount": null
  },
  {
    "shop": "RIMI",
    "categories": [
      2,
      2002
    ],
    "productName": "Inese torte Šokolādes 450g",
    "productPriceOld": null,
    "productPrice": {
      "value": 6.99,
      "unit": "€/gab"
    },
    "productPricePerUnit": {
      "value": 15.53,
      "unit": "€/kg"
    },
    "productPriceWithLoyaltyCard": null,
    "productPricePerUnitWithLoyaltyCard": null,
    "imageUrl": "https://rimibaltic-res.cloudinary.com/image/upload/d_ecommerce:backend-fallback.png/MAT_213598_PCE_LV",
    "available": true,
    "discount": null
  },
  {
    "shop": "MAXIMA",
    "categories": [
      1,
      1001,
      1001004
    ],
    "productName": "Dz.v.VALDO PROSECCO TREVISO 11% 0,75L",
    "productPriceOld": null,
    "productPrice": {
      "value": 11.66,
      "unit": "€"
    },
    "productPricePerUnit": {
      "value": 15.55,
      "unit": "€/l"
    },
    "productPriceWithLoyaltyCard": null,
    "productPricePerUnitWithLoyaltyCard": null,
    "imageUrl": "https://cdn.barbora.lv/products/6283f234-2a18-41bf-8a1d-1ffe38f3d332_s.png",
    "available": true,
    "discount": null
  },
  {
    "shop": "RIMI",
    "categories": [
      2,
      2001,
      20010014
    ],
    "productName": "Sausmaizītes Maretti ar picas garšu 70g",
    "productPriceOld": null,
    "productPrice": {
      "value": 1.09,
      "unit": "€/gab"
    },
    "productPricePerUnit": {
      "value": 15.57,
      "unit": "€/kg"
    },
    "productPriceWithLoyaltyCard": null,
    "productPricePerUnitWithLoyaltyCard": null,
    "imageUrl": "https://rimibaltic-res.cloudinary.com/image/upload/d_ecommerce:backend-fallback.png/MAT_929027_PCE_LV",
    "available": true,
    "discount": null
  },
  {
    "shop": "RIMI",
    "categories": [
      2,
      2001,
      20010014
    ],
    "productName": "Sausmaizītes Maretti ar siera garšu 70g",
    "productPriceOld": null,
    "productPrice": {
      "value": 1.09,
      "unit": "€/gab"
    },
    "productPricePerUnit": {
      "value": 15.57,
      "unit": "€/kg"
    },
    "productPriceWithLoyaltyCard": null,
    "productPricePerUnitWithLoyaltyCard": null,
    "imageUrl": "https://rimibaltic-res.cloudinary.com/image/upload/d_ecommerce:backend-fallback.png/MAT_928438_PCE_LV",
    "available": true,
    "discount": null
  },
  {
    "shop": "RIMI",
    "categories": [
      2,
      2001,
      20010014
    ],
    "productName": "Sausmaizītes Maretti ar dārzeņu garšu 70g",
    "productPriceOld": null,
    "productPrice": {
      "value": 1.09,
      "unit": "€/gab"
    },
    "productPricePerUnit": {
      "value": 15.57,
      "unit": "€/kg"
    },
    "productPriceWithLoyaltyCard": null,
    "productPricePerUnitWithLoyaltyCard": null,
    "imageUrl": "https://rimibaltic-res.cloudinary.com/image/upload/d_ecommerce:backend-fallback.png/MAT_929487_PCE_LV",
    "available": true,
    "discount": null
  },
  {
    "shop": "RIMI",
    "categories": [
      2,
      2001,
      20010014
    ],
    "productName": "Sausmaizītes Maretti ar krabju garšu 70g",
    "productPriceOld": null,
    "productPrice": {
      "value": 1.09,
      "unit": "€/gab"
    },
    "productPricePerUnit": {
      "value": 15.57,
      "unit": "€/kg"
    },
    "productPriceWithLoyaltyCard": null,
    "productPricePerUnitWithLoyaltyCard": null,
    "imageUrl": "https://rimibaltic-res.cloudinary.com/image/upload/d_ecommerce:backend-fallback.png/MAT_4006128_PCE_LV",
    "available": true,
    "discount": null
  },
  {
    "shop": "MAXIMA",
    "categories": [
      2,
      2001,
      20010014
    ],
    "productName": "Sausmaizītes MARETTI ar picas garšu 70g",
    "productPriceOld": null,
    "productPrice": {
      "value": 1.09,
      "unit": "€"
    },
    "productPricePerUnit": {
      "value": 15.57,
      "unit": "€/kg"
    },
    "productPriceWithLoyaltyCard": null,
    "productPricePerUnitWithLoyaltyCard": null,
    "imageUrl": "https://cdn.barbora.lv/products/7e1bf4ac-974d-482a-8730-2e4eeb5b7355_s.png",
    "available": true,
    "discount": null
  },
  {
    "shop": "MAXIMA",
    "categories": [
      2,
      2001,
      20010014
    ],
    "productName": "Sausmaizītes Maretti ar skābā krējuma un sīpolu garšu 70g",
    "productPriceOld": null,
    "productPrice": {
      "value": 1.09,
      "unit": "€"
    },
    "productPricePerUnit": {
      "value": 15.57,
      "unit": "€/kg"
    },
    "productPriceWithLoyaltyCard": null,
    "productPricePerUnitWithLoyaltyCard": null,
    "imageUrl": "https://cdn.barbora.lv/products/3728b51d-07a8-4157-a1f9-ddaf7d6be00d_s.png",
    "available": true,
    "discount": null
  },
  {
    "shop": "MAXIMA",
    "categories": [
      1,
      1001,
      10010019
    ],
    "productName": "St.alk.dz. PIPARU RŪGTAIS 36% 0,5L D",
    "productPriceOld": null,
    "productPrice": {
      "value": 7.79,
      "unit": "€"
    },
    "productPricePerUnit": {
      "value": 15.58,
      "unit": "€/l"
    },
    "productPriceWithLoyaltyCard": null,
    "productPricePerUnitWithLoyaltyCard": null,
    "imageUrl": "https://cdn.barbora.lv/products/ef29f2e8-55d2-4e93-a4bc-7856b436f9b8_s.png",
    "available": true,
    "discount": null
  },
  {
    "shop": "RIMI",
    "categories": [
      1,
      1001,
      1001003
    ],
    "productName": "B.v.Faber Riesling Mosel Sweet 9% 0,75l",
    "productPriceOld": null,
    "productPrice": {
      "value": 11.69,
      "unit": "€/gab"
    },
    "productPricePerUnit": {
      "value": 15.59,
      "unit": "€/l"
    },
    "productPriceWithLoyaltyCard": null,
    "productPricePerUnitWithLoyaltyCard": null,
    "imageUrl": "https://rimibaltic-res.cloudinary.com/image/upload/d_ecommerce:backend-fallback.png/MAT_7110979_PCE_LV",
    "available": true,
    "discount": null
  },
  {
    "shop": "RIMI",
    "categories": [
      1,
      1001,
      1001003
    ],
    "productName": "B.v.Faber Riesling Mos. S.-Dry10,5%0,75l",
    "productPriceOld": null,
    "productPrice": {
      "value": 11.69,
      "unit": "€/gab"
    },
    "productPricePerUnit": {
      "value": 15.59,
      "unit": "€/l"
    },
    "productPriceWithLoyaltyCard": null,
    "productPricePerUnitWithLoyaltyCard": null,
    "imageUrl": "https://rimibaltic-res.cloudinary.com/image/upload/d_ecommerce:backend-fallback.png/MAT_7110992_PCE_LV",
    "available": true,
    "discount": null
  },
  {
    "shop": "RIMI",
    "categories": [
      1,
      1001,
      1001003
    ],
    "productName": "B.v. Faber Riesling Mosel Dry 12% 0,75l",
    "productPriceOld": null,
    "productPrice": {
      "value": 11.69,
      "unit": "€/gab"
    },
    "productPricePerUnit": {
      "value": 15.59,
      "unit": "€/l"
    },
    "productPriceWithLoyaltyCard": null,
    "productPricePerUnitWithLoyaltyCard": null,
    "imageUrl": "https://rimibaltic-res.cloudinary.com/image/upload/d_ecommerce:backend-fallback.png/MAT_7110968_PCE_LV",
    "available": true,
    "discount": null
  },
  {
    "shop": "RIMI",
    "categories": [
      1,
      1001,
      1001003
    ],
    "productName": "B.v. Jacob Creek Sauv. Blanc 10,5% 0,75l",
    "productPriceOld": null,
    "productPrice": {
      "value": 11.69,
      "unit": "€/gab"
    },
    "productPricePerUnit": {
      "value": 15.59,
      "unit": "€/l"
    },
    "productPriceWithLoyaltyCard": null,
    "productPricePerUnitWithLoyaltyCard": null,
    "imageUrl": "https://rimibaltic-res.cloudinary.com/image/upload/d_ecommerce:backend-fallback.png/MAT_7283963_PCE_LV",
    "available": true,
    "discount": null
  },
  {
    "shop": "RIMI",
    "categories": [
      1,
      1001,
      1001003
    ],
    "productName": "B.v. Villa Wolf Pinot Gris 12,5% 0,75l",
    "productPriceOld": null,
    "productPrice": {
      "value": 11.69,
      "unit": "€/gab"
    },
    "productPricePerUnit": {
      "value": 15.59,
      "unit": "€/l"
    },
    "productPriceWithLoyaltyCard": null,
    "productPricePerUnitWithLoyaltyCard": null,
    "imageUrl": "https://rimibaltic-res.cloudinary.com/image/upload/d_ecommerce:backend-fallback.png/MAT_7118219_PCE_LV",
    "available": true,
    "discount": null
  },
  {
    "shop": "RIMI",
    "categories": [
      1,
      1001,
      1001003
    ],
    "productName": "B.v. Villa Wolf Riesling 11% 0,75l",
    "productPriceOld": null,
    "productPrice": {
      "value": 11.69,
      "unit": "€/gab"
    },
    "productPricePerUnit": {
      "value": 15.59,
      "unit": "€/l"
    },
    "productPriceWithLoyaltyCard": null,
    "productPricePerUnitWithLoyaltyCard": null,
    "imageUrl": "https://rimibaltic-res.cloudinary.com/image/upload/d_ecommerce:backend-fallback.png/MAT_7160343_PCE_LV",
    "available": true,
    "discount": null
  },
  {
    "shop": "MAXIMA",
    "categories": [
      1,
      1001,
      1001003
    ],
    "productName": "Vīns ZENSA NERO D'AVOLA ORG 0,75L 13,5%",
    "productPriceOld": null,
    "productPrice": {
      "value": 11.69,
      "unit": "€"
    },
    "productPricePerUnit": {
      "value": 15.59,
      "unit": "€/l"
    },
    "productPriceWithLoyaltyCard": null,
    "productPricePerUnitWithLoyaltyCard": null,
    "imageUrl": "https://cdn.barbora.lv/products/ccba1b25-02fe-4a08-ad53-08ccc7f50618_s.png",
    "available": true,
    "discount": null
  },
  {
    "shop": "MAXIMA",
    "categories": [
      1,
      1001,
      10010016
    ],
    "productName": "Degvīns KOSKENKORVA 40% 1l",
    "productPriceOld": {
      "value": 19.31,
      "unit": "€"
    },
    "productPrice": {
      "value": 19.31,
      "unit": "€"
    },
    "productPricePerUnit": {
      "value": 19.31,
      "unit": "€/l"
    },
    "productPriceWithLoyaltyCard": {
      "value": 15.59,
      "unit": "€"
    },
    "productPricePerUnitWithLoyaltyCard": {
      "value": 15.59,
      "unit": "€/l"
    },
    "imageUrl": "https://cdn.barbora.lv/products/5582de57-64c0-4737-8a6a-3f687dfe880e_s.png",
    "available": true,
    "discount": 19
  },
  {
    "shop": "MAXIMA",
    "categories": [
      2,
      20011
    ],
    "productName": "Smalkmaizīte PIKANTĀ NŪJIŅA 25g",
    "productPriceOld": null,
    "productPrice": {
      "value": 0.39,
      "unit": "€"
    },
    "productPricePerUnit": {
      "value": 15.6,
      "unit": "€/kg"
    },
    "productPriceWithLoyaltyCard": null,
    "productPricePerUnitWithLoyaltyCard": null,
    "imageUrl": "https://cdn.barbora.lv/products/f852d475-2d63-474d-9710-5af7fca2e83e_s.png",
    "available": true,
    "discount": null
  },
  {
    "shop": "RIMI",
    "categories": [
      2,
      2005
    ],
    "productName": "Kūka Kūko medus-karameļu 300g",
    "productPriceOld": null,
    "productPrice": {
      "value": 4.69,
      "unit": "€/gab"
    },
    "productPricePerUnit": {
      "value": 15.63,
      "unit": "€/kg"
    },
    "productPriceWithLoyaltyCard": null,
    "productPricePerUnitWithLoyaltyCard": null,
    "imageUrl": "https://rimibaltic-res.cloudinary.com/image/upload/d_ecommerce:backend-fallback.png/MAT_968880_PCE_LV",
    "available": true,
    "discount": null
  },
  {
    "shop": "RIMI",
    "categories": [
      2,
      2005
    ],
    "productName": "Skudrupūznīši ar iebiezinātu pienu 300g",
    "productPriceOld": null,
    "productPrice": {
      "value": 4.69,
      "unit": "€/gab"
    },
    "productPricePerUnit": {
      "value": 15.63,
      "unit": "€/kg"
    },
    "productPriceWithLoyaltyCard": null,
    "productPricePerUnitWithLoyaltyCard": null,
    "imageUrl": "https://rimibaltic-res.cloudinary.com/image/upload/d_ecommerce:backend-fallback.png/MAT_903316_PCE_LV",
    "available": true,
    "discount": null
  },
  {
    "shop": "MAXIMA",
    "categories": [
      2,
      2005
    ],
    "productName": "Kūciņas Bonaparts MEISTARA MARKA 300g",
    "productPriceOld": null,
    "productPrice": {
      "value": 4.69,
      "unit": "€"
    },
    "productPricePerUnit": {
      "value": 15.63,
      "unit": "€/kg"
    },
    "productPriceWithLoyaltyCard": null,
    "productPricePerUnitWithLoyaltyCard": null,
    "imageUrl": "https://cdn.barbora.lv/products/b5d2abfd-f808-42ca-bfbf-f2440c5a9585_s.png",
    "available": true,
    "discount": null
  },
  {
    "shop": "MAXIMA",
    "categories": [
      1,
      1001,
      1001003
    ],
    "productName": "Dzirkstošais vīns MIONETTO VALDOBBIADENE 11% 0,75l",
    "productPriceOld": null,
    "productPrice": {
      "value": 11.74,
      "unit": "€"
    },
    "productPricePerUnit": {
      "value": 15.65,
      "unit": "€/l"
    },
    "productPriceWithLoyaltyCard": null,
    "productPricePerUnitWithLoyaltyCard": null,
    "imageUrl": "https://cdn.barbora.lv/products/0603d717-6dd6-4ed6-b9f2-28444f41243a_s.png",
    "available": true,
    "discount": null
  },
  {
    "shop": "MAXIMA",
    "categories": [
      1,
      1001,
      1001004
    ],
    "productName": "Dz.vīns ZONIN Prosecco Cuvee 11% 0,75L",
    "productPriceOld": null,
    "productPrice": {
      "value": 11.75,
      "unit": "€"
    },
    "productPricePerUnit": {
      "value": 15.67,
      "unit": "€/l"
    },
    "productPriceWithLoyaltyCard": null,
    "productPricePerUnitWithLoyaltyCard": null,
    "imageUrl": "https://cdn.barbora.lv/products/7d541727-929a-4a68-8824-704f54887779_s.png",
    "available": true,
    "discount": null
  },
  {
    "shop": "MAXIMA",
    "categories": [
      1,
      1001,
      1001003
    ],
    "productName": "Vīns VAN LOVEREN AFRICAN JAVA PINOTAGE 13,5%0,75L",
    "productPriceOld": null,
    "productPrice": {
      "value": 11.75,
      "unit": "€"
    },
    "productPricePerUnit": {
      "value": 15.67,
      "unit": "€/l"
    },
    "productPriceWithLoyaltyCard": null,
    "productPricePerUnitWithLoyaltyCard": null,
    "imageUrl": "https://cdn.barbora.lv/products/77472357-9cfa-4df1-9196-01aa91669914_s.png",
    "available": true,
    "discount": null
  },
  {
    "shop": "MAXIMA",
    "categories": [
      1,
      1001,
      1001003
    ],
    "productName": "Vīns SANTA CRISTINA UMBRIA 12% 0,75L",
    "productPriceOld": null,
    "productPrice": {
      "value": 11.76,
      "unit": "€"
    },
    "productPricePerUnit": {
      "value": 15.68,
      "unit": "€/l"
    },
    "productPriceWithLoyaltyCard": null,
    "productPricePerUnitWithLoyaltyCard": null,
    "imageUrl": "https://cdn.barbora.lv/products/bf9de39e-c645-485f-b58a-78090d9452e5_s.png",
    "available": true,
    "discount": null
  },
  {
    "shop": "RIMI",
    "categories": [
      2,
      2005
    ],
    "productName": "Kūka Kūkotava ar svaigā siera krēmu 700g",
    "productPriceOld": null,
    "productPrice": {
      "value": 10.99,
      "unit": "€/gab"
    },
    "productPricePerUnit": {
      "value": 15.7,
      "unit": "€/kg"
    },
    "productPriceWithLoyaltyCard": null,
    "productPricePerUnitWithLoyaltyCard": null,
    "imageUrl": "https://rimibaltic-res.cloudinary.com/image/upload/d_ecommerce:backend-fallback.png/MAT_905537_PCE_LV",
    "available": true,
    "discount": null
  },
  {
    "shop": "RIMI",
    "categories": [
      2,
      2005
    ],
    "productName": "Īstā medus kūka Medus pļava 700g",
    "productPriceOld": {
      "value": 12.99,
      "unit": "€"
    },
    "productPrice": {
      "value": 10.99,
      "unit": "€/gab"
    },
    "productPricePerUnit": {
      "value": 15.7,
      "unit": "€/kg"
    },
    "productPriceWithLoyaltyCard": null,
    "productPricePerUnitWithLoyaltyCard": null,
    "imageUrl": "https://rimibaltic-res.cloudinary.com/image/upload/d_ecommerce:backend-fallback.png/MAT_977527_PCE_LV",
    "available": true,
    "discount": 15
  },
  {
    "shop": "RIMI",
    "categories": [
      1,
      1001,
      10010016
    ],
    "productName": "Degvīns Gorilka Ržanaja 40% 0,7l",
    "productPriceOld": null,
    "productPrice": {
      "value": 15.95,
      "unit": "€/gab"
    },
    "productPricePerUnit": {
      "value": 22.79,
      "unit": "€/l"
    },
    "productPriceWithLoyaltyCard": {
      "value": 10.99,
      "unit": "€"
    },
    "productPricePerUnitWithLoyaltyCard": {
      "value": 15.7,
      "unit": "€/l"
    },
    "imageUrl": "https://rimibaltic-res.cloudinary.com/image/upload/d_ecommerce:backend-fallback.png/MAT_7281596_PCE_LV",
    "available": true,
    "discount": 31
  },
  {
    "shop": "RIMI",
    "categories": [
      1,
      1001,
      10010016
    ],
    "productName": "Degvīns Gorilka Pšeničnaja 40% 0,7l",
    "productPriceOld": null,
    "productPrice": {
      "value": 15.95,
      "unit": "€/gab"
    },
    "productPricePerUnit": {
      "value": 22.79,
      "unit": "€/l"
    },
    "productPriceWithLoyaltyCard": {
      "value": 10.99,
      "unit": "€"
    },
    "productPricePerUnitWithLoyaltyCard": {
      "value": 15.7,
      "unit": "€/l"
    },
    "imageUrl": "https://rimibaltic-res.cloudinary.com/image/upload/d_ecommerce:backend-fallback.png/MAT_7281607_PCE_LV",
    "available": true,
    "discount": 31
  },
  {
    "shop": "RIMI",
    "categories": [
      2,
      2001,
      2001008
    ],
    "productName": "Degvīns Latvijas Balzams 3 Graudu 38% 0,7l",
    "productPriceOld": null,
    "productPrice": {
      "value": 12.25,
      "unit": "€/gab"
    },
    "productPricePerUnit": {
      "value": 17.5,
      "unit": "€/l"
    },
    "productPriceWithLoyaltyCard": {
      "value": 10.99,
      "unit": "€"
    },
    "productPricePerUnitWithLoyaltyCard": {
      "value": 15.7,
      "unit": "€/l"
    },
    "imageUrl": "https://rimibaltic-res.cloudinary.com/image/upload/d_ecommerce:backend-fallback.png/MAT_460005_PCE_LV",
    "available": true,
    "discount": 10
  },
  {
    "shop": "RIMI",
    "categories": [
      1,
      1001,
      10010019
    ],
    "productName": "Aperitīvs Franzini Aperitivo Spritz 11% 0,7l",
    "productPriceOld": null,
    "productPrice": {
      "value": 10.99,
      "unit": "€/gab"
    },
    "productPricePerUnit": {
      "value": 15.7,
      "unit": "€/l"
    },
    "productPriceWithLoyaltyCard": null,
    "productPricePerUnitWithLoyaltyCard": null,
    "imageUrl": "https://rimibaltic-res.cloudinary.com/image/upload/d_ecommerce:backend-fallback.png/MAT_7252168_PCE_LV",
    "available": true,
    "discount": null
  },
  {
    "shop": "MAXIMA",
    "categories": [
      1,
      1001,
      10010016
    ],
    "productName": "Degvīns ZUBROWKA BIALA 40% 0,7L",
    "productPriceOld": {
      "value": 14.98,
      "unit": "€"
    },
    "productPrice": {
      "value": 14.98,
      "unit": "€"
    },
    "productPricePerUnit": {
      "value": 21.4,
      "unit": "€/l"
    },
    "productPriceWithLoyaltyCard": {
      "value": 10.99,
      "unit": "€"
    },
    "productPricePerUnitWithLoyaltyCard": {
      "value": 15.7,
      "unit": "€/l"
    },
    "imageUrl": "https://cdn.barbora.lv/products/815c994d-4787-4519-b377-e46377fd5f98_s.png",
    "available": true,
    "discount": 27
  },
  {
    "shop": "MAXIMA",
    "categories": [
      1,
      1001,
      10010013
    ],
    "productName": "Liķieris MOKA 30% 0,7l",
    "productPriceOld": null,
    "productPrice": {
      "value": 10.99,
      "unit": "€"
    },
    "productPricePerUnit": {
      "value": 15.7,
      "unit": "€/l"
    },
    "productPriceWithLoyaltyCard": null,
    "productPricePerUnitWithLoyaltyCard": null,
    "imageUrl": "https://cdn.barbora.lv/products/acc7c5db-f157-48e2-a749-2005bf03eb53_s.png",
    "available": true,
    "discount": null
  },
  {
    "shop": "CITRO",
    "categories": [
      1,
      1001,
      10010016
    ],
    "productName": "DEGVĪNS BERJOZOVAJA ROSCA 40% 0.7L",
    "productPriceOld": {
      "value": 13.49,
      "unit": "€"
    },
    "productPrice": {
      "value": 10.99,
      "unit": "€"
    },
    "productPricePerUnit": {
      "value": 15.7,
      "unit": "€/L"
    },
    "productPriceWithLoyaltyCard": null,
    "productPricePerUnitWithLoyaltyCard": null,
    "imageUrl": "https://rezekne.citro.lv/wp-content/uploads/2021/10/4750036000784-300x300.jpg",
    "available": true,
    "discount": 19
  },
  {
    "shop": "CITRO",
    "categories": [
      1,
      1001,
      10010016
    ],
    "productName": "DEGVĪNS PSHENICNAYA PREMIUM 40% 0.7L",
    "productPriceOld": null,
    "productPrice": null,
    "productPricePerUnit": {
      "value": 15.7,
      "unit": "€/L"
    },
    "productPriceWithLoyaltyCard": null,
    "productPricePerUnitWithLoyaltyCard": null,
    "imageUrl": "https://rezekne.citro.lv/wp-content/uploads/2024/08/4742883017060-300x300.jpg",
    "available": true,
    "discount": null
  },
  {
    "shop": "CITRO",
    "categories": [
      2,
      2001,
      2001008
    ],
    "productName": "DEGVĪNS 3 GRAUDU 38% 0.7L",
    "productPriceOld": null,
    "productPrice": null,
    "productPricePerUnit": {
      "value": 15.7,
      "unit": "€/L"
    },
    "productPriceWithLoyaltyCard": null,
    "productPricePerUnitWithLoyaltyCard": null,
    "imageUrl": "https://rezekne.citro.lv/wp-content/uploads/2020/12/4750021225321-300x300.jpg",
    "available": true,
    "discount": null
  },
  {
    "shop": "MAXIMA",
    "categories": [
      1,
      1001,
      1001003
    ],
    "productName": "Vīns EXPERT CLUB MEDOC RED 14% 0,75L",
    "productPriceOld": null,
    "productPrice": {
      "value": 11.78,
      "unit": "€"
    },
    "productPricePerUnit": {
      "value": 15.71,
      "unit": "€/l"
    },
    "productPriceWithLoyaltyCard": null,
    "productPricePerUnitWithLoyaltyCard": null,
    "imageUrl": "https://cdn.barbora.lv/products/3be96653-7b7c-4e47-a47a-384f560c16f6_s.png",
    "available": true,
    "discount": null
  },
  {
    "shop": "RIMI",
    "categories": [
      2,
      20010
    ],
    "productName": "Speķa rausīši Liepkalni 400g",
    "productPriceOld": null,
    "productPrice": {
      "value": 6.29,
      "unit": "€/gab"
    },
    "productPricePerUnit": {
      "value": 15.72,
      "unit": "€/kg"
    },
    "productPriceWithLoyaltyCard": null,
    "productPricePerUnitWithLoyaltyCard": null,
    "imageUrl": "https://rimibaltic-res.cloudinary.com/image/upload/d_ecommerce:backend-fallback.png/MAT_922980_PCE_LV",
    "available": true,
    "discount": null
  },
  {
    "shop": "MAXIMA",
    "categories": [
      1,
      1001,
      1001004
    ],
    "productName": "Dz.vīns CANTI Prosecco Brut 11,5% 750ml",
    "productPriceOld": null,
    "productPrice": {
      "value": 11.79,
      "unit": "€"
    },
    "productPricePerUnit": {
      "value": 15.72,
      "unit": "€/l"
    },
    "productPriceWithLoyaltyCard": null,
    "productPricePerUnitWithLoyaltyCard": null,
    "imageUrl": "https://cdn.barbora.lv/products/10116f1a-9fab-4c8f-b189-ef63cbd77a4a_s.png",
    "available": true,
    "discount": null
  },
  {
    "shop": "MAXIMA",
    "categories": [
      1,
      1001,
      1001003
    ],
    "productName": "Dzirkstošais vīns CANTI Asti 7% 0,75L",
    "productPriceOld": null,
    "productPrice": {
      "value": 11.79,
      "unit": "€"
    },
    "productPricePerUnit": {
      "value": 15.72,
      "unit": "€/l"
    },
    "productPriceWithLoyaltyCard": null,
    "productPricePerUnitWithLoyaltyCard": null,
    "imageUrl": "https://cdn.barbora.lv/products/75e95ab4-515f-4fb2-9b64-1f21d63fd931_s.png",
    "available": true,
    "discount": null
  },
  {
    "shop": "MAXIMA",
    "categories": [
      1,
      1001,
      1001003
    ],
    "productName": "Vīns MAISON CASTEL BORD. M.13,5% 0,75L",
    "productPriceOld": null,
    "productPrice": {
      "value": 11.79,
      "unit": "€"
    },
    "productPricePerUnit": {
      "value": 15.72,
      "unit": "€/l"
    },
    "productPriceWithLoyaltyCard": null,
    "productPricePerUnitWithLoyaltyCard": null,
    "imageUrl": "https://cdn.barbora.lv/products/6601852c-c705-46ac-af1e-3135e8e8c5e0_s.png",
    "available": true,
    "discount": null
  },
  {
    "shop": "MAXIMA",
    "categories": [
      1,
      1001,
      1001003
    ],
    "productName": "Vīns VENTISQUERO RESERVA CHARDONNAY 13% 0,75L",
    "productPriceOld": null,
    "productPrice": {
      "value": 11.84,
      "unit": "€"
    },
    "productPricePerUnit": {
      "value": 15.79,
      "unit": "€/l"
    },
    "productPriceWithLoyaltyCard": null,
    "productPricePerUnitWithLoyaltyCard": null,
    "imageUrl": "https://cdn.barbora.lv/products/68ff5c9d-088c-49d5-97fb-1e2ce5464533_s.png",
    "available": true,
    "discount": null
  },
  {
    "shop": "MAXIMA",
    "categories": [
      1,
      1001,
      1001003
    ],
    "productName": "Vīns TELIANI Val.Tsinan.in Oak 13% 0,75L",
    "productPriceOld": null,
    "productPrice": {
      "value": 11.84,
      "unit": "€"
    },
    "productPricePerUnit": {
      "value": 15.79,
      "unit": "€/l"
    },
    "productPriceWithLoyaltyCard": null,
    "productPricePerUnitWithLoyaltyCard": null,
    "imageUrl": "https://cdn.barbora.lv/products/efc3b6cc-8bf9-4d18-8fc0-cd2619238b65_s.png",
    "available": true,
    "discount": null
  },
  {
    "shop": "MAXIMA",
    "categories": [
      2,
      2001,
      20010015
    ],
    "productName": "Groziņi Margrietiņa MEISTARA MARKA 2x120g",
    "productPriceOld": null,
    "productPrice": {
      "value": 3.79,
      "unit": "€"
    },
    "productPricePerUnit": {
      "value": 15.79,
      "unit": "€/kg"
    },
    "productPriceWithLoyaltyCard": null,
    "productPricePerUnitWithLoyaltyCard": null,
    "imageUrl": "https://cdn.barbora.lv/products/33aa7820-cc3c-4e7b-9aa6-7ca25792e02d_s.png",
    "available": true,
    "discount": null
  },
  {
    "shop": "MAXIMA",
    "categories": [
      2,
      2007
    ],
    "productName": "Kēkss ST MICHEL BROWNIES mini 240g",
    "productPriceOld": null,
    "productPrice": {
      "value": 3.79,
      "unit": "€"
    },
    "productPricePerUnit": {
      "value": 15.79,
      "unit": "€/kg"
    },
    "productPriceWithLoyaltyCard": null,
    "productPricePerUnitWithLoyaltyCard": null,
    "imageUrl": "https://cdn.barbora.lv/products/c63e05fe-3c11-488a-9e9e-b80af9bc62dc_s.png",
    "available": true,
    "discount": null
  },
  {
    "shop": "RIMI",
    "categories": [
      2,
      2004
    ],
    "productName": "Kruasāns 7Days lazdu riekstu, cep. pild. 60g",
    "productPriceOld": null,
    "productPrice": {
      "value": 0.95,
      "unit": "€/gab"
    },
    "productPricePerUnit": {
      "value": 15.83,
      "unit": "€/kg"
    },
    "productPriceWithLoyaltyCard": null,
    "productPricePerUnitWithLoyaltyCard": null,
    "imageUrl": "https://rimibaltic-res.cloudinary.com/image/upload/d_ecommerce:backend-fallback.png/MAT_959625_PCE_LV",
    "available": true,
    "discount": null
  },
  {
    "shop": "RIMI",
    "categories": [
      1,
      1001,
      1001003
    ],
    "productName": "S.v. Montalto Nero D'Avola Appass.14% 0.75l",
    "productPriceOld": null,
    "productPrice": {
      "value": 11.89,
      "unit": "€/gab"
    },
    "productPricePerUnit": {
      "value": 15.85,
      "unit": "€/l"
    },
    "productPriceWithLoyaltyCard": null,
    "productPricePerUnitWithLoyaltyCard": null,
    "imageUrl": "https://rimibaltic-res.cloudinary.com/image/upload/d_ecommerce:backend-fallback.png/MAT_7045074_PCE_LV",
    "available": true,
    "discount": null
  },
  {
    "shop": "RIMI",
    "categories": [
      1,
      1001,
      1001003
    ],
    "productName": "S.v. Montalto Nero D'Avola Appass.14% 0.75l",
    "productPriceOld": null,
    "productPrice": {
      "value": 11.89,
      "unit": "€/gab"
    },
    "productPricePerUnit": {
      "value": 15.85,
      "unit": "€/l"
    },
    "productPriceWithLoyaltyCard": null,
    "productPricePerUnitWithLoyaltyCard": null,
    "imageUrl": "https://rimibaltic-res.cloudinary.com/image/upload/d_ecommerce:backend-fallback.png/MAT_7045074_PCE_LV",
    "available": true,
    "discount": null
  },
  {
    "shop": "RIMI",
    "categories": [
      1,
      1001,
      1001003
    ],
    "productName": "B.v. Montalto Collezione 12,5% 0,75l",
    "productPriceOld": null,
    "productPrice": {
      "value": 11.89,
      "unit": "€/gab"
    },
    "productPricePerUnit": {
      "value": 15.85,
      "unit": "€/l"
    },
    "productPriceWithLoyaltyCard": null,
    "productPricePerUnitWithLoyaltyCard": null,
    "imageUrl": "https://rimibaltic-res.cloudinary.com/image/upload/d_ecommerce:backend-fallback.png/MAT_7093604_PCE_LV",
    "available": true,
    "discount": null
  },
  {
    "shop": "RIMI",
    "categories": [
      1,
      1001,
      1001003
    ],
    "productName": "R.v. Montalto Nero D'Avola 12% 0,75l",
    "productPriceOld": null,
    "productPrice": {
      "value": 11.89,
      "unit": "€/gab"
    },
    "productPricePerUnit": {
      "value": 15.85,
      "unit": "€/l"
    },
    "productPriceWithLoyaltyCard": null,
    "productPricePerUnitWithLoyaltyCard": null,
    "imageUrl": "https://rimibaltic-res.cloudinary.com/image/upload/d_ecommerce:backend-fallback.png/MAT_7182488_PCE_LV",
    "available": true,
    "discount": null
  },
  {
    "shop": "MAXIMA",
    "categories": [
      1,
      1001,
      1001003
    ],
    "productName": "Vīns MONTALTO Passivento 14% 0,75L",
    "productPriceOld": null,
    "productPrice": {
      "value": 11.89,
      "unit": "€"
    },
    "productPricePerUnit": {
      "value": 15.85,
      "unit": "€/l"
    },
    "productPriceWithLoyaltyCard": null,
    "productPricePerUnitWithLoyaltyCard": null,
    "imageUrl": "https://cdn.barbora.lv/products/047a9b1a-ef05-4278-802a-2ea4c9a1836c_s.png",
    "available": true,
    "discount": null
  },
  {
    "shop": "MAXIMA",
    "categories": [
      1,
      1001,
      1001004
    ],
    "productName": "Dz.vīns BOTTER Prosecco DOCG 11% 0,75L",
    "productPriceOld": null,
    "productPrice": {
      "value": 11.89,
      "unit": "€"
    },
    "productPricePerUnit": {
      "value": 15.85,
      "unit": "€/l"
    },
    "productPriceWithLoyaltyCard": null,
    "productPricePerUnitWithLoyaltyCard": null,
    "imageUrl": "https://cdn.barbora.lv/products/1e2c28ff-e6e9-4f49-8f53-b6ba0b44121b_s.png",
    "available": true,
    "discount": null
  },
  {
    "shop": "MAXIMA",
    "categories": [
      1,
      1001,
      1001003
    ],
    "productName": "Vīns MONTALTO BIANCO 12,5% 0,75L",
    "productPriceOld": null,
    "productPrice": {
      "value": 11.89,
      "unit": "€"
    },
    "productPricePerUnit": {
      "value": 15.85,
      "unit": "€/l"
    },
    "productPriceWithLoyaltyCard": null,
    "productPricePerUnitWithLoyaltyCard": null,
    "imageUrl": "https://cdn.barbora.lv/products/4ff5f423-5c05-46f1-bdb3-e37ceb0fdd7b_s.png",
    "available": true,
    "discount": null
  },
  {
    "shop": "RIMI",
    "categories": [
      1,
      1002,
      10010020
    ],
    "productName": "Sula Select. by Rimi ana. ingv.,spirul. 125ml",
    "productPriceOld": null,
    "productPrice": {
      "value": 1.99,
      "unit": "€/gab"
    },
    "productPricePerUnit": {
      "value": 15.92,
      "unit": "€/l"
    },
    "productPriceWithLoyaltyCard": null,
    "productPricePerUnitWithLoyaltyCard": null,
    "imageUrl": "https://rimibaltic-res.cloudinary.com/image/upload/d_ecommerce:backend-fallback.png/MAT_815992_PCE_LV",
    "available": true,
    "discount": null
  },
  {
    "shop": "RIMI",
    "categories": [
      2,
      2001,
      20010015
    ],
    "productName": "Standziņas Latvijas Maiznieks ar dārz. 200g",
    "productPriceOld": null,
    "productPrice": {
      "value": 3.19,
      "unit": "€/gab"
    },
    "productPricePerUnit": {
      "value": 15.95,
      "unit": "€/kg"
    },
    "productPriceWithLoyaltyCard": null,
    "productPricePerUnitWithLoyaltyCard": null,
    "imageUrl": "https://rimibaltic-res.cloudinary.com/image/upload/d_ecommerce:backend-fallback.png/MAT_1017503_PCE_LV",
    "available": true,
    "discount": null
  },
  {
    "shop": "RIMI",
    "categories": [
      1,
      1001,
      10010019
    ],
    "productName": "Stiprs alk.dz. Beloff Piparu Rūgtais 35% 0,2l",
    "productPriceOld": null,
    "productPrice": {
      "value": 3.19,
      "unit": "€/gab"
    },
    "productPricePerUnit": {
      "value": 15.95,
      "unit": "€/l"
    },
    "productPriceWithLoyaltyCard": null,
    "productPricePerUnitWithLoyaltyCard": null,
    "imageUrl": "https://rimibaltic-res.cloudinary.com/image/upload/d_ecommerce:backend-fallback.png/MAT_802082_PCE_LV",
    "available": true,
    "discount": null
  },
  {
    "shop": "RIMI",
    "categories": [
      2,
      2005
    ],
    "productName": "Kūciņas Mazā Vecrīga 250g",
    "productPriceOld": null,
    "productPrice": {
      "value": 3.99,
      "unit": "€/gab"
    },
    "productPricePerUnit": {
      "value": 15.96,
      "unit": "€/kg"
    },
    "productPriceWithLoyaltyCard": null,
    "productPricePerUnitWithLoyaltyCard": null,
    "imageUrl": "https://rimibaltic-res.cloudinary.com/image/upload/d_ecommerce:backend-fallback.png/MAT_289257_PCE_LV",
    "available": true,
    "discount": null
  },
  {
    "shop": "MAXIMA",
    "categories": [
      1,
      1001,
      10010013
    ],
    "productName": "Uzlēj. ar medu PIPARU RŪGTAIS 35% 0,5L D",
    "productPriceOld": null,
    "productPrice": {
      "value": 7.98,
      "unit": "€"
    },
    "productPricePerUnit": {
      "value": 15.96,
      "unit": "€/l"
    },
    "productPriceWithLoyaltyCard": null,
    "productPricePerUnitWithLoyaltyCard": null,
    "imageUrl": "https://cdn.barbora.lv/products/aa4753e5-74e7-4570-be83-eff0831ef969_s.png",
    "available": true,
    "discount": null
  },
  {
    "shop": "MAXIMA",
    "categories": [
      2,
      2005
    ],
    "productName": "Kūciņas Mazā Vecrīga PELLIJA 250g",
    "productPriceOld": null,
    "productPrice": {
      "value": 3.99,
      "unit": "€"
    },
    "productPricePerUnit": {
      "value": 15.96,
      "unit": "€/kg"
    },
    "productPriceWithLoyaltyCard": null,
    "productPricePerUnitWithLoyaltyCard": null,
    "imageUrl": "https://cdn.barbora.lv/products/d9a909f2-9702-44d3-8454-3e59ce02d4af_s.png",
    "available": true,
    "discount": null
  },
  {
    "shop": "RIMI",
    "categories": [
      2,
      2005
    ],
    "productName": "Kūciņas Skudrupūznīši 6x50g",
    "productPriceOld": null,
    "productPrice": {
      "value": 4.79,
      "unit": "€/gab"
    },
    "productPricePerUnit": {
      "value": 15.97,
      "unit": "€/kg"
    },
    "productPriceWithLoyaltyCard": null,
    "productPricePerUnitWithLoyaltyCard": null,
    "imageUrl": "https://rimibaltic-res.cloudinary.com/image/upload/d_ecommerce:backend-fallback.png/MAT_275915_PCE_LV",
    "available": true,
    "discount": null
  },
  {
    "shop": "RIMI",
    "categories": [
      1,
      1001,
      10010016
    ],
    "productName": "Degvīns Arsenič 40% 0,35l",
    "productPriceOld": null,
    "productPrice": {
      "value": 7.79,
      "unit": "€/gab"
    },
    "productPricePerUnit": {
      "value": 22.26,
      "unit": "€/l"
    },
    "productPriceWithLoyaltyCard": {
      "value": 5.59,
      "unit": "€"
    },
    "productPricePerUnitWithLoyaltyCard": {
      "value": 15.97,
      "unit": "€/l"
    },
    "imageUrl": "https://rimibaltic-res.cloudinary.com/image/upload/d_ecommerce:backend-fallback.png/MAT_514963_PCE_LV",
    "available": true,
    "discount": 28
  },
  {
    "shop": "RIMI",
    "categories": [
      2,
      2002
    ],
    "productName": "Torte medus Lāči 500g",
    "productPriceOld": {
      "value": 8.99,
      "unit": "€"
    },
    "productPrice": {
      "value": 7.99,
      "unit": "€/gab"
    },
    "productPricePerUnit": {
      "value": 15.98,
      "unit": "€/kg"
    },
    "productPriceWithLoyaltyCard": null,
    "productPricePerUnitWithLoyaltyCard": null,
    "imageUrl": "https://rimibaltic-res.cloudinary.com/image/upload/d_ecommerce:backend-fallback.png/MAT_287443_PCE_LV",
    "available": true,
    "discount": 11
  },
  {
    "shop": "RIMI",
    "categories": [
      1,
      1001,
      10010013
    ],
    "productName": "Liķieris Romanzero Limoncello 25% 0,5l",
    "productPriceOld": null,
    "productPrice": {
      "value": 9.69,
      "unit": "€/gab"
    },
    "productPricePerUnit": {
      "value": 19.38,
      "unit": "€/l"
    },
    "productPriceWithLoyaltyCard": {
      "value": 7.99,
      "unit": "€"
    },
    "productPricePerUnitWithLoyaltyCard": {
      "value": 15.98,
      "unit": "€/l"
    },
    "imageUrl": "https://rimibaltic-res.cloudinary.com/image/upload/d_ecommerce:backend-fallback.png/MAT_7088768_PCE_LV",
    "available": true,
    "discount": 18
  },
  {
    "shop": "RIMI",
    "categories": [
      1,
      1001,
      10010016
    ],
    "productName": "Degvīns Moskovskaja 40 % 0,5l",
    "productPriceOld": null,
    "productPrice": {
      "value": 7.99,
      "unit": "€/gab"
    },
    "productPricePerUnit": {
      "value": 15.98,
      "unit": "€/l"
    },
    "productPriceWithLoyaltyCard": null,
    "productPricePerUnitWithLoyaltyCard": null,
    "imageUrl": "https://rimibaltic-res.cloudinary.com/image/upload/d_ecommerce:backend-fallback.png/MAT_459994_PCE_LV",
    "available": true,
    "discount": null
  },
  {
    "shop": "RIMI",
    "categories": [
      1,
      1001,
      10010016
    ],
    "productName": "Degvīns Pšeņičnaja lukss 40% 0.5l",
    "productPriceOld": null,
    "productPrice": {
      "value": 12.15,
      "unit": "€/gab"
    },
    "productPricePerUnit": {
      "value": 24.3,
      "unit": "€/l"
    },
    "productPriceWithLoyaltyCard": {
      "value": 7.99,
      "unit": "€"
    },
    "productPricePerUnitWithLoyaltyCard": {
      "value": 15.98,
      "unit": "€/l"
    },
    "imageUrl": "https://rimibaltic-res.cloudinary.com/image/upload/d_ecommerce:backend-fallback.png/MAT_7057528_PCE_LV",
    "available": true,
    "discount": 34
  },
  {
    "shop": "RIMI",
    "categories": [
      1,
      1001,
      10010016
    ],
    "productName": "Degvīns Gradus 40% 0,5l",
    "productPriceOld": null,
    "productPrice": {
      "value": 9.65,
      "unit": "€/gab"
    },
    "productPricePerUnit": {
      "value": 19.3,
      "unit": "€/l"
    },
    "productPriceWithLoyaltyCard": {
      "value": 7.99,
      "unit": "€"
    },
    "productPricePerUnitWithLoyaltyCard": {
      "value": 15.98,
      "unit": "€/l"
    },
    "imageUrl": "https://rimibaltic-res.cloudinary.com/image/upload/d_ecommerce:backend-fallback.png/MAT_7260846_PCE_LV",
    "available": true,
    "discount": 17
  },
  {
    "shop": "MAXIMA",
    "categories": [
      1,
      1001,
      1001003
    ],
    "productName": "Stipr.vīns MADEIRA FULL RICH 19% 0,75L",
    "productPriceOld": {
      "value": 16.99,
      "unit": "€"
    },
    "productPrice": {
      "value": 16.99,
      "unit": "€"
    },
    "productPricePerUnit": {
      "value": 22.65,
      "unit": "€/l"
    },
    "productPriceWithLoyaltyCard": {
      "value": 11.99,
      "unit": "€"
    },
    "productPricePerUnitWithLoyaltyCard": {
      "value": 15.98,
      "unit": "€/l"
    },
    "imageUrl": "https://cdn.barbora.lv/products/c2e77255-e26e-4246-be0a-4301f4e6f52f_s.png",
    "available": true,
    "discount": 29
  },
  {
    "shop": "MAXIMA",
    "categories": [
      1,
      1001,
      10010016
    ],
    "productName": "Degvīns STARIJ TRAKTIR 40%0,5l",
    "productPriceOld": {
      "value": 9.62,
      "unit": "€"
    },
    "productPrice": {
      "value": 7.99,
      "unit": "€"
    },
    "productPricePerUnit": {
      "value": 15.98,
      "unit": "€/l"
    },
    "productPriceWithLoyaltyCard": null,
    "productPricePerUnitWithLoyaltyCard": null,
    "imageUrl": "https://cdn.barbora.lv/products/640a7b52-fb1e-4bd7-a9cf-9369f8647951_s.png",
    "available": true,
    "discount": 17
  },
  {
    "shop": "CITRO",
    "categories": [
      1,
      1001,
      10010016
    ],
    "productName": "DEGVĪNS GRADUS 40% 0.5L",
    "productPriceOld": null,
    "productPrice": null,
    "productPricePerUnit": {
      "value": 15.98,
      "unit": "€/L"
    },
    "productPriceWithLoyaltyCard": null,
    "productPricePerUnitWithLoyaltyCard": null,
    "imageUrl": "https://rezekne.citro.lv/wp-content/uploads/2022/08/4750021010682-300x300.jpg",
    "available": true,
    "discount": null
  },
  {
    "shop": "CITRO",
    "categories": [
      1,
      1001,
      10010013
    ],
    "productName": "LIĶIERIS MOKA CARAMEL CREAM 25% 0.5L",
    "productPriceOld": null,
    "productPrice": null,
    "productPricePerUnit": {
      "value": 15.98,
      "unit": "€/L"
    },
    "productPriceWithLoyaltyCard": null,
    "productPricePerUnitWithLoyaltyCard": null,
    "imageUrl": "https://rezekne.citro.lv/wp-content/uploads/2024/05/4750021013546-300x300.jpg",
    "available": true,
    "discount": null
  },
  {
    "shop": "CITRO",
    "categories": [
      1,
      1001,
      10010016
    ],
    "productName": "DEGVĪNS PSHENICNAYA PREMIUM 40% 0.5L",
    "productPriceOld": null,
    "productPrice": null,
    "productPricePerUnit": {
      "value": 15.98,
      "unit": "€/L"
    },
    "productPriceWithLoyaltyCard": null,
    "productPricePerUnitWithLoyaltyCard": null,
    "imageUrl": "https://rezekne.citro.lv/wp-content/uploads/2024/07/4742883017053-300x300.jpg",
    "available": true,
    "discount": null
  },
  {
    "shop": "RIMI",
    "categories": [
      1,
      1001,
      10010016
    ],
    "productName": "Degvīns Absolut Vodka 40% 1l",
    "productPriceOld": null,
    "productPrice": {
      "value": 24.39,
      "unit": "€/gab"
    },
    "productPricePerUnit": {
      "value": 24.39,
      "unit": "€/l"
    },
    "productPriceWithLoyaltyCard": {
      "value": 15.99,
      "unit": "€"
    },
    "productPricePerUnitWithLoyaltyCard": {
      "value": 15.99,
      "unit": "€/l"
    },
    "imageUrl": "https://rimibaltic-res.cloudinary.com/image/upload/d_ecommerce:backend-fallback.png/MAT_101739_PCE_LV",
    "available": true,
    "discount": 34
  },
  {
    "shop": "RIMI",
    "categories": [
      1,
      1001,
      1001003
    ],
    "productName": "R.v.Barton&Guestier R. d'anjou10,5%0,75l",
    "productPriceOld": null,
    "productPrice": {
      "value": 11.99,
      "unit": "€/gab"
    },
    "productPricePerUnit": {
      "value": 15.99,
      "unit": "€/l"
    },
    "productPriceWithLoyaltyCard": null,
    "productPricePerUnitWithLoyaltyCard": null,
    "imageUrl": "https://rimibaltic-res.cloudinary.com/image/upload/d_ecommerce:backend-fallback.png/MAT_106618_PCE_LV",
    "available": true,
    "discount": null
  },
  {
    "shop": "RIMI",
    "categories": [
      1,
      1001,
      10010016
    ],
    "productName": "Degvīns Koskenkorva 40% 1l",
    "productPriceOld": null,
    "productPrice": {
      "value": 19.55,
      "unit": "€/gab"
    },
    "productPricePerUnit": {
      "value": 19.55,
      "unit": "€/l"
    },
    "productPriceWithLoyaltyCard": {
      "value": 15.99,
      "unit": "€"
    },
    "productPricePerUnitWithLoyaltyCard": {
      "value": 15.99,
      "unit": "€/l"
    },
    "imageUrl": "https://rimibaltic-res.cloudinary.com/image/upload/d_ecommerce:backend-fallback.png/MAT_101051_PCE_LV",
    "available": true,
    "discount": 18
  },
  {
    "shop": "RIMI",
    "categories": [
      1,
      1001,
      1001003
    ],
    "productName": "S.v. Masi Campofiorin Rosso 13% 0,75l",
    "productPriceOld": null,
    "productPrice": {
      "value": 20.35,
      "unit": "€/gab"
    },
    "productPricePerUnit": {
      "value": 27.13,
      "unit": "€/l"
    },
    "productPriceWithLoyaltyCard": {
      "value": 11.99,
      "unit": "€"
    },
    "productPricePerUnitWithLoyaltyCard": {
      "value": 15.99,
      "unit": "€/l"
    },
    "imageUrl": "https://rimibaltic-res.cloudinary.com/image/upload/d_ecommerce:backend-fallback.png/MAT_756590_PCE_LV",
    "available": true,
    "discount": 41
  },
  {
    "shop": "RIMI",
    "categories": [
      1,
      1001,
      10010019
    ],
    "productName": "St. alk.dzēriens Captain Morgan Spiced 35% 1l",
    "productPriceOld": null,
    "productPrice": {
      "value": 27.35,
      "unit": "€/gab"
    },
    "productPricePerUnit": {
      "value": 27.35,
      "unit": "€/l"
    },
    "productPriceWithLoyaltyCard": {
      "value": 15.99,
      "unit": "€"
    },
    "productPricePerUnitWithLoyaltyCard": {
      "value": 15.99,
      "unit": "€/l"
    },
    "imageUrl": "https://rimibaltic-res.cloudinary.com/image/upload/d_ecommerce:backend-fallback.png/MAT_101947_PCE_LV",
    "available": true,
    "discount": 42
  },
  {
    "shop": "RIMI",
    "categories": [
      1,
      1001,
      10010016
    ],
    "productName": "Degvīns Koskenkorva Lemon Lime 37,5% 1l",
    "productPriceOld": null,
    "productPrice": {
      "value": 28.99,
      "unit": "€/gab"
    },
    "productPricePerUnit": {
      "value": 28.99,
      "unit": "€/l"
    },
    "productPriceWithLoyaltyCard": {
      "value": 15.99,
      "unit": "€"
    },
    "productPricePerUnitWithLoyaltyCard": {
      "value": 15.99,
      "unit": "€/l"
    },
    "imageUrl": "https://rimibaltic-res.cloudinary.com/image/upload/d_ecommerce:backend-fallback.png/MAT_7174095_PCE_LV",
    "available": true,
    "discount": 45
  },
  {
    "shop": "RIMI",
    "categories": [
      1,
      1001,
      10010016
    ],
    "productName": "Degvīns Mernaja Na Moloke 40% 1l",
    "productPriceOld": null,
    "productPrice": {
      "value": 18.59,
      "unit": "€/gab"
    },
    "productPricePerUnit": {
      "value": 18.59,
      "unit": "€/l"
    },
    "productPriceWithLoyaltyCard": {
      "value": 15.99,
      "unit": "€"
    },
    "productPricePerUnitWithLoyaltyCard": {
      "value": 15.99,
      "unit": "€/l"
    },
    "imageUrl": "https://rimibaltic-res.cloudinary.com/image/upload/d_ecommerce:backend-fallback.png/MAT_134654_PCE_LV",
    "available": true,
    "discount": 14
  },
  {
    "shop": "MAXIMA",
    "categories": [
      1,
      1003,
      1003004
    ],
    "productName": "Dz.vīns KYLIE MINOGUE Rose b/a 0,75L D",
    "productPriceOld": null,
    "productPrice": {
      "value": 11.99,
      "unit": "€"
    },
    "productPricePerUnit": {
      "value": 15.99,
      "unit": "€/l"
    },
    "productPriceWithLoyaltyCard": null,
    "productPricePerUnitWithLoyaltyCard": null,
    "imageUrl": "https://cdn.barbora.lv/products/46a4be1e-2e9a-4a19-ba50-1a963cd75d09_s.png",
    "available": true,
    "discount": null
  },
  {
    "shop": "MAXIMA",
    "categories": [
      1,
      1001,
      1001003
    ],
    "productName": "Dzirkst.vīns REBULI Pros.Di. 11% 0,75L",
    "productPriceOld": {
      "value": 17.69,
      "unit": "€"
    },
    "productPrice": {
      "value": 17.69,
      "unit": "€"
    },
    "productPricePerUnit": {
      "value": 23.59,
      "unit": "€/l"
    },
    "productPriceWithLoyaltyCard": {
      "value": 11.99,
      "unit": "€"
    },
    "productPricePerUnitWithLoyaltyCard": {
      "value": 15.99,
      "unit": "€/l"
    },
    "imageUrl": "https://cdn.barbora.lv/products/d9a0ade3-3d70-4d50-8f71-51c74dee05fc_s.png",
    "available": true,
    "discount": 32
  },
  {
    "shop": "MAXIMA",
    "categories": [
      1,
      1001,
      1001003
    ],
    "productName": "Vīns 19 CRIMES Cabernet Sauvignon 13,5% 0,75L",
    "productPriceOld": null,
    "productPrice": {
      "value": 11.99,
      "unit": "€"
    },
    "productPricePerUnit": {
      "value": 15.99,
      "unit": "€/l"
    },
    "productPriceWithLoyaltyCard": null,
    "productPricePerUnitWithLoyaltyCard": null,
    "imageUrl": "https://cdn.barbora.lv/products/64a312c7-4046-4761-a1cb-174428eadfef_s.png",
    "available": true,
    "discount": null
  },
  {
    "shop": "MAXIMA",
    "categories": [
      1,
      1001,
      1001003
    ],
    "productName": "Stiprināts vīns MARSALA AMBRA 17% 0,75L",
    "productPriceOld": null,
    "productPrice": {
      "value": 11.99,
      "unit": "€"
    },
    "productPricePerUnit": {
      "value": 15.99,
      "unit": "€/l"
    },
    "productPriceWithLoyaltyCard": null,
    "productPricePerUnitWithLoyaltyCard": null,
    "imageUrl": "https://cdn.barbora.lv/products/6dbc278a-60cc-4fe5-ad45-2385699fe8dc_s.png",
    "available": true,
    "discount": null
  },
  {
    "shop": "MAXIMA",
    "categories": [
      1,
      1001,
      1001003
    ],
    "productName": "Vīns 19 CRIMES Red Wine 13.5% 0,75L",
    "productPriceOld": null,
    "productPrice": {
      "value": 11.99,
      "unit": "€"
    },
    "productPricePerUnit": {
      "value": 15.99,
      "unit": "€/l"
    },
    "productPriceWithLoyaltyCard": null,
    "productPricePerUnitWithLoyaltyCard": null,
    "imageUrl": "https://cdn.barbora.lv/products/47dcef98-bff3-4383-b82c-743da98e318d_s.png",
    "available": true,
    "discount": null
  },
  {
    "shop": "MAXIMA",
    "categories": [
      1,
      1001,
      1001003
    ],
    "productName": "Dzirkst.vīns B&G Rose 11,5% 750ml",
    "productPriceOld": null,
    "productPrice": {
      "value": 11.99,
      "unit": "€"
    },
    "productPricePerUnit": {
      "value": 15.99,
      "unit": "€/l"
    },
    "productPriceWithLoyaltyCard": null,
    "productPricePerUnitWithLoyaltyCard": null,
    "imageUrl": "https://cdn.barbora.lv/products/9f11f6ad-39a7-41bc-bfe7-b5c37b0b57d5_s.png",
    "available": true,
    "discount": null
  },
  {
    "shop": "MAXIMA",
    "categories": [
      1,
      1001,
      1001003
    ],
    "productName": "Vīns 19 CRIMES Chardonnay 13% 0,75L",
    "productPriceOld": null,
    "productPrice": {
      "value": 11.99,
      "unit": "€"
    },
    "productPricePerUnit": {
      "value": 15.99,
      "unit": "€/l"
    },
    "productPriceWithLoyaltyCard": null,
    "productPricePerUnitWithLoyaltyCard": null,
    "imageUrl": "https://cdn.barbora.lv/products/2ba07e4a-84d0-40fc-b101-7b8b398cfc2f_s.png",
    "available": true,
    "discount": null
  },
  {
    "shop": "MAXIMA",
    "categories": [
      1,
      1001,
      1001003
    ],
    "productName": "Vīns MARANI ALAZANI WHITE 12% 0,75L",
    "productPriceOld": null,
    "productPrice": {
      "value": 11.99,
      "unit": "€"
    },
    "productPricePerUnit": {
      "value": 15.99,
      "unit": "€/l"
    },
    "productPriceWithLoyaltyCard": null,
    "productPricePerUnitWithLoyaltyCard": null,
    "imageUrl": "https://cdn.barbora.lv/products/070508a4-07ea-4224-9fdd-b3e83165c620_s.png",
    "available": true,
    "discount": null
  },
  {
    "shop": "MAXIMA",
    "categories": [
      1,
      1001,
      1001003
    ],
    "productName": "Vīns MASI MASIANCO 13% 0,75L",
    "productPriceOld": {
      "value": 21.96,
      "unit": "€"
    },
    "productPrice": {
      "value": 21.96,
      "unit": "€"
    },
    "productPricePerUnit": {
      "value": 29.28,
      "unit": "€/l"
    },
    "productPriceWithLoyaltyCard": {
      "value": 11.99,
      "unit": "€"
    },
    "productPricePerUnitWithLoyaltyCard": {
      "value": 15.99,
      "unit": "€/l"
    },
    "imageUrl": "https://cdn.barbora.lv/products/704cdb4e-323e-4e4f-91f9-f0c454be24b6_s.png",
    "available": true,
    "discount": 45
  },
  {
    "shop": "MAXIMA",
    "categories": [
      1,
      1001,
      1001003
    ],
    "productName": "Vīns ELEMENTA Cabernet Sauvignon 13,5% 0,75L",
    "productPriceOld": null,
    "productPrice": {
      "value": 11.99,
      "unit": "€"
    },
    "productPricePerUnit": {
      "value": 15.99,
      "unit": "€/l"
    },
    "productPriceWithLoyaltyCard": null,
    "productPricePerUnitWithLoyaltyCard": null,
    "imageUrl": "https://cdn.barbora.lv/products/7d61685e-3998-45e6-bb4b-c6762082f907_s.png",
    "available": true,
    "discount": null
  },
  {
    "shop": "MAXIMA",
    "categories": [
      1,
      1001,
      10010016
    ],
    "productName": "Degvīns FINLANDIA 40% 1L",
    "productPriceOld": {
      "value": 27.44,
      "unit": "€"
    },
    "productPrice": {
      "value": 27.44,
      "unit": "€"
    },
    "productPricePerUnit": {
      "value": 27.44,
      "unit": "€/l"
    },
    "productPriceWithLoyaltyCard": {
      "value": 15.99,
      "unit": "€"
    },
    "productPricePerUnitWithLoyaltyCard": {
      "value": 15.99,
      "unit": "€/l"
    },
    "imageUrl": "https://cdn.barbora.lv/products/7df9a7e1-d27c-409e-a39e-bedefe2db679_s.png",
    "available": true,
    "discount": 42
  },
  {
    "shop": "MAXIMA",
    "categories": [
      1,
      1001,
      10010016
    ],
    "productName": "Degvīns FINLANDIA CRANBERRY 37,5% 1l",
    "productPriceOld": {
      "value": 27.41,
      "unit": "€"
    },
    "productPrice": {
      "value": 27.41,
      "unit": "€"
    },
    "productPricePerUnit": {
      "value": 27.41,
      "unit": "€/l"
    },
    "productPriceWithLoyaltyCard": {
      "value": 15.99,
      "unit": "€"
    },
    "productPricePerUnitWithLoyaltyCard": {
      "value": 15.99,
      "unit": "€/l"
    },
    "imageUrl": "https://cdn.barbora.lv/products/752a3567-3c29-4308-97cf-0540cf3a1127_s.png",
    "available": true,
    "discount": 42
  },
  {
    "shop": "MAXIMA",
    "categories": [
      1,
      1001,
      10010016
    ],
    "productName": "Degvīns FINLANDIA REDBERRY 37,5% 1l",
    "productPriceOld": {
      "value": 27.41,
      "unit": "€"
    },
    "productPrice": {
      "value": 27.41,
      "unit": "€"
    },
    "productPricePerUnit": {
      "value": 27.41,
      "unit": "€/l"
    },
    "productPriceWithLoyaltyCard": {
      "value": 15.99,
      "unit": "€"
    },
    "productPricePerUnitWithLoyaltyCard": {
      "value": 15.99,
      "unit": "€/l"
    },
    "imageUrl": "https://cdn.barbora.lv/products/d5976671-bc9a-4203-8862-b31474b45c9d_s.png",
    "available": true,
    "discount": 42
  },
  {
    "shop": "CITRO",
    "categories": [
      1,
      1001,
      1001003
    ],
    "productName": "VĪNS B. DIABLO GOLDEN CHARDONNAY 13.5% 0.75L",
    "productPriceOld": null,
    "productPrice": null,
    "productPricePerUnit": {
      "value": 15.99,
      "unit": "€/L"
    },
    "productPriceWithLoyaltyCard": null,
    "productPricePerUnitWithLoyaltyCard": null,
    "imageUrl": "https://rezekne.citro.lv/wp-content/uploads/2020/07/Citro-image-placeholder-3.png",
    "available": true,
    "discount": null
  },
  {
    "shop": "CITRO",
    "categories": [
      1,
      1001,
      10010016
    ],
    "productName": "DEGVĪNS GRADUS 40% 1L",
    "productPriceOld": null,
    "productPrice": null,
    "productPricePerUnit": {
      "value": 15.99,
      "unit": "€/L"
    },
    "productPriceWithLoyaltyCard": null,
    "productPricePerUnitWithLoyaltyCard": null,
    "imageUrl": "https://rezekne.citro.lv/wp-content/uploads/2022/08/4750021010392-300x300.jpg",
    "available": true,
    "discount": null
  },
  {
    "shop": "CITRO",
    "categories": [
      1,
      1001,
      1001003
    ],
    "productName": "VĪNS B. FLAXBOURNE MARLBOROUGH SAUV. BLANC SAUSS 13% 0.75L",
    "productPriceOld": null,
    "productPrice": null,
    "productPricePerUnit": {
      "value": 15.99,
      "unit": "€/L"
    },
    "productPriceWithLoyaltyCard": null,
    "productPricePerUnitWithLoyaltyCard": null,
    "imageUrl": "https://rezekne.citro.lv/wp-content/uploads/2023/11/9421025020896-300x300.jpg",
    "available": true,
    "discount": null
  },
  {
    "shop": "MAXIMA",
    "categories": [
      1,
      1001,
      10010016
    ],
    "productName": "Degvīns HLIBNIJ DAR CLASSIC 40% 1L",
    "productPriceOld": null,
    "productPrice": {
      "value": 16.01,
      "unit": "€"
    },
    "productPricePerUnit": {
      "value": 16.01,
      "unit": "€/l"
    },
    "productPriceWithLoyaltyCard": null,
    "productPricePerUnitWithLoyaltyCard": null,
    "imageUrl": "https://cdn.barbora.lv/products/4af6921a-46ec-4d0c-a0fc-24c24ff1aa08_s.png",
    "available": true,
    "discount": null
  },
  {
    "shop": "MAXIMA",
    "categories": [
      1,
      1001,
      1001007
    ],
    "productName": "Stiprs alk.dzēr. JAMIE PARRA Spiced 35% 0,7L",
    "productPriceOld": null,
    "productPrice": {
      "value": 11.27,
      "unit": "€"
    },
    "productPricePerUnit": {
      "value": 16.1,
      "unit": "€/l"
    },
    "productPriceWithLoyaltyCard": null,
    "productPricePerUnitWithLoyaltyCard": null,
    "imageUrl": "https://cdn.barbora.lv/products/2f27073f-8125-49e0-9326-b08a4e277034_s.png",
    "available": true,
    "discount": null
  },
  {
    "shop": "MAXIMA",
    "categories": [
      1,
      1001,
      1001003
    ],
    "productName": "Vīns MAORI BAY S.Blanc Austr.11,5% 0,75L",
    "productPriceOld": null,
    "productPrice": {
      "value": 12.09,
      "unit": "€"
    },
    "productPricePerUnit": {
      "value": 16.12,
      "unit": "€/l"
    },
    "productPriceWithLoyaltyCard": null,
    "productPricePerUnitWithLoyaltyCard": null,
    "imageUrl": "https://cdn.barbora.lv/products/f57e7e88-beaa-4730-a010-0d0b51786fd8_s.png",
    "available": true,
    "discount": null
  },
  {
    "shop": "MAXIMA",
    "categories": [
      1,
      1001,
      1001003
    ],
    "productName": "Vīns MAORI BAY Pinot Grigio 11,5% 0,75L",
    "productPriceOld": null,
    "productPrice": {
      "value": 12.09,
      "unit": "€"
    },
    "productPricePerUnit": {
      "value": 16.12,
      "unit": "€/l"
    },
    "productPriceWithLoyaltyCard": null,
    "productPricePerUnitWithLoyaltyCard": null,
    "imageUrl": "https://cdn.barbora.lv/products/15f85a68-45ce-4663-849d-a4c1327b92f7_s.png",
    "available": true,
    "discount": null
  },
  {
    "shop": "MAXIMA",
    "categories": [
      1,
      1001,
      1001003
    ],
    "productName": "Vīns MAORI BAY Cab. Sauv. 13,5% 0,75L",
    "productPriceOld": null,
    "productPrice": {
      "value": 12.09,
      "unit": "€"
    },
    "productPricePerUnit": {
      "value": 16.12,
      "unit": "€/l"
    },
    "productPriceWithLoyaltyCard": null,
    "productPricePerUnitWithLoyaltyCard": null,
    "imageUrl": "https://cdn.barbora.lv/products/87aa4ffb-1e12-4eac-ad11-972b73c2ecf5_s.png",
    "available": true,
    "discount": null
  },
  {
    "shop": "MAXIMA",
    "categories": [
      1,
      1001,
      1001003
    ],
    "productName": "Vīns MAORI BAY Shiraz 13% 0,75L",
    "productPriceOld": null,
    "productPrice": {
      "value": 12.09,
      "unit": "€"
    },
    "productPricePerUnit": {
      "value": 16.12,
      "unit": "€/l"
    },
    "productPriceWithLoyaltyCard": null,
    "productPricePerUnitWithLoyaltyCard": null,
    "imageUrl": "https://cdn.barbora.lv/products/f35ea0fb-ca1e-4668-9747-f99f5867229f_s.png",
    "available": true,
    "discount": null
  },
  {
    "shop": "MAXIMA",
    "categories": [
      1,
      1001,
      1001003
    ],
    "productName": "Vīns VILLA HAAS GRUNER VELT. 12,5% 0,75L",
    "productPriceOld": null,
    "productPrice": {
      "value": 12.09,
      "unit": "€"
    },
    "productPricePerUnit": {
      "value": 16.12,
      "unit": "€/l"
    },
    "productPriceWithLoyaltyCard": null,
    "productPricePerUnitWithLoyaltyCard": null,
    "imageUrl": "https://cdn.barbora.lv/products/295adead-8b61-4998-886b-84aefe247f91_s.png",
    "available": true,
    "discount": null
  },
  {
    "shop": "MAXIMA",
    "categories": [
      1,
      1001,
      1001003
    ],
    "productName": "Vīns MAORI BAY Chardonnay 13% 0,75L",
    "productPriceOld": null,
    "productPrice": {
      "value": 12.09,
      "unit": "€"
    },
    "productPricePerUnit": {
      "value": 16.12,
      "unit": "€/l"
    },
    "productPriceWithLoyaltyCard": null,
    "productPricePerUnitWithLoyaltyCard": null,
    "imageUrl": "https://cdn.barbora.lv/products/deccd139-b60f-4745-9734-4714729b77e7_s.png",
    "available": true,
    "discount": null
  },
  {
    "shop": "MAXIMA",
    "categories": [
      1,
      1001,
      1001003
    ],
    "productName": "Vīns MAORI BAY Semillion Ch.12,5% 0,75L",
    "productPriceOld": null,
    "productPrice": {
      "value": 12.09,
      "unit": "€"
    },
    "productPricePerUnit": {
      "value": 16.12,
      "unit": "€/l"
    },
    "productPriceWithLoyaltyCard": null,
    "productPricePerUnitWithLoyaltyCard": null,
    "imageUrl": "https://cdn.barbora.lv/products/54e1b483-9c9a-4ef7-a5c2-5d6e1e2486d6_s.png",
    "available": true,
    "discount": null
  },
  {
    "shop": "MAXIMA",
    "categories": [
      1,
      1001,
      10010016
    ],
    "productName": "Degvīns KATJUŠA 40% 0,5L",
    "productPriceOld": null,
    "productPrice": {
      "value": 8.09,
      "unit": "€"
    },
    "productPricePerUnit": {
      "value": 16.18,
      "unit": "€/l"
    },
    "productPriceWithLoyaltyCard": null,
    "productPricePerUnitWithLoyaltyCard": null,
    "imageUrl": "https://cdn.barbora.lv/products/5a872dff-09f7-4603-900e-9c134600b1af_s.png",
    "available": true,
    "discount": null
  },
  {
    "shop": "MAXIMA",
    "categories": [
      1,
      1001,
      1001003
    ],
    "productName": "Dzirkst.vīns MARTINI Asti 7,5% 0,75L",
    "productPriceOld": null,
    "productPrice": {
      "value": 12.14,
      "unit": "€"
    },
    "productPricePerUnit": {
      "value": 16.19,
      "unit": "€/l"
    },
    "productPriceWithLoyaltyCard": null,
    "productPricePerUnitWithLoyaltyCard": null,
    "imageUrl": "https://cdn.barbora.lv/products/2d60b223-d1c9-4abb-a1a5-1b82c9287ce4_s.png",
    "available": true,
    "discount": null
  },
  {
    "shop": "MAXIMA",
    "categories": [
      1,
      1001,
      1001003
    ],
    "productName": "Vīns TBILVINO SAPERAVI 13% 0,75l",
    "productPriceOld": null,
    "productPrice": {
      "value": 12.14,
      "unit": "€"
    },
    "productPricePerUnit": {
      "value": 16.19,
      "unit": "€/l"
    },
    "productPriceWithLoyaltyCard": null,
    "productPricePerUnitWithLoyaltyCard": null,
    "imageUrl": "https://cdn.barbora.lv/products/a994110a-ae12-40e0-b960-033e1badf394_s.png",
    "available": true,
    "discount": null
  },
  {
    "shop": "RIMI",
    "categories": [
      1,
      1001,
      1001003
    ],
    "productName": "Sarkanvīns 19 Crimes CabSauv 13,5% 0,75l",
    "productPriceOld": null,
    "productPrice": {
      "value": 12.19,
      "unit": "€/gab"
    },
    "productPricePerUnit": {
      "value": 16.25,
      "unit": "€/l"
    },
    "productPriceWithLoyaltyCard": null,
    "productPricePerUnitWithLoyaltyCard": null,
    "imageUrl": "https://rimibaltic-res.cloudinary.com/image/upload/d_ecommerce:backend-fallback.png/MAT_7199913_PCE_LV",
    "available": true,
    "discount": null
  },
  {
    "shop": "RIMI",
    "categories": [
      1,
      1001,
      1001003
    ],
    "productName": "Baltvīns 19 Crimes Chardonnay 13% 0,75l",
    "productPriceOld": null,
    "productPrice": {
      "value": 12.19,
      "unit": "€/gab"
    },
    "productPricePerUnit": {
      "value": 16.25,
      "unit": "€/l"
    },
    "productPriceWithLoyaltyCard": null,
    "productPricePerUnitWithLoyaltyCard": null,
    "imageUrl": "https://rimibaltic-res.cloudinary.com/image/upload/d_ecommerce:backend-fallback.png/MAT_7199914_PCE_LV",
    "available": true,
    "discount": null
  },
  {
    "shop": "RIMI",
    "categories": [
      1,
      1001,
      1001004
    ],
    "productName": "Dz. vīns Segura Viudas Brut Reserva 12% 0,75l",
    "productPriceOld": null,
    "productPrice": {
      "value": 12.19,
      "unit": "€/gab"
    },
    "productPricePerUnit": {
      "value": 16.25,
      "unit": "€/l"
    },
    "productPriceWithLoyaltyCard": null,
    "productPricePerUnitWithLoyaltyCard": null,
    "imageUrl": "https://rimibaltic-res.cloudinary.com/image/upload/d_ecommerce:backend-fallback.png/MAT_590468_PCE_LV",
    "available": true,
    "discount": null
  },
  {
    "shop": "RIMI",
    "categories": [
      1,
      1001,
      1001003
    ],
    "productName": "S.v. Teliani Valley Saperavi 12% 0,75l",
    "productPriceOld": null,
    "productPrice": {
      "value": 12.19,
      "unit": "€/gab"
    },
    "productPricePerUnit": {
      "value": 16.25,
      "unit": "€/l"
    },
    "productPriceWithLoyaltyCard": null,
    "productPricePerUnitWithLoyaltyCard": null,
    "imageUrl": "https://rimibaltic-res.cloudinary.com/image/upload/d_ecommerce:backend-fallback.png/MAT_705412_PCE_LV",
    "available": true,
    "discount": null
  },
  {
    "shop": "RIMI",
    "categories": [
      1,
      1001,
      1001003
    ],
    "productName": "Rozā vīns Pluma Vinho Verde DOC 11% 0,75l",
    "productPriceOld": null,
    "productPrice": {
      "value": 12.19,
      "unit": "€/gab"
    },
    "productPricePerUnit": {
      "value": 16.25,
      "unit": "€/l"
    },
    "productPriceWithLoyaltyCard": null,
    "productPricePerUnitWithLoyaltyCard": null,
    "imageUrl": "https://rimibaltic-res.cloudinary.com/image/upload/d_ecommerce:backend-fallback.png/MAT_7250590_PCE_LV",
    "available": true,
    "discount": null
  },
  {
    "shop": "RIMI",
    "categories": [
      1,
      1001,
      1001003
    ],
    "productName": "B.v. Pluma DOC Vinho Verde 10,5% 0,75l",
    "productPriceOld": null,
    "productPrice": {
      "value": 12.19,
      "unit": "€/gab"
    },
    "productPricePerUnit": {
      "value": 16.25,
      "unit": "€/l"
    },
    "productPriceWithLoyaltyCard": null,
    "productPricePerUnitWithLoyaltyCard": null,
    "imageUrl": "https://rimibaltic-res.cloudinary.com/image/upload/d_ecommerce:backend-fallback.png/MAT_7201793_PCE_LV",
    "available": true,
    "discount": null
  },
  {
    "shop": "RIMI",
    "categories": [
      1,
      1001,
      1001003
    ],
    "productName": "B.v. Pluma DOC Vinho Verde 10,5% 0,75l",
    "productPriceOld": null,
    "productPrice": {
      "value": 12.19,
      "unit": "€/gab"
    },
    "productPricePerUnit": {
      "value": 16.25,
      "unit": "€/l"
    },
    "productPriceWithLoyaltyCard": null,
    "productPricePerUnitWithLoyaltyCard": null,
    "imageUrl": "https://rimibaltic-res.cloudinary.com/image/upload/d_ecommerce:backend-fallback.png/MAT_7201793_PCE_LV",
    "available": true,
    "discount": null
  },
  {
    "shop": "RIMI",
    "categories": [
      1,
      1001,
      1001003
    ],
    "productName": "Dzirkstošais vīns Cinzano Sweet 9,5% 0,75l",
    "productPriceOld": null,
    "productPrice": {
      "value": 12.19,
      "unit": "€/gab"
    },
    "productPricePerUnit": {
      "value": 16.25,
      "unit": "€/l"
    },
    "productPriceWithLoyaltyCard": null,
    "productPricePerUnitWithLoyaltyCard": null,
    "imageUrl": "https://rimibaltic-res.cloudinary.com/image/upload/d_ecommerce:backend-fallback.png/MAT_685873_PCE_LV",
    "available": true,
    "discount": null
  },
  {
    "shop": "MAXIMA",
    "categories": [
      1,
      1001,
      1001003
    ],
    "productName": "Dzirkstošais vīns MARTINI Frizzante Dolce 9,5% 750ml",
    "productPriceOld": null,
    "productPrice": {
      "value": 12.19,
      "unit": "€"
    },
    "productPricePerUnit": {
      "value": 16.25,
      "unit": "€/l"
    },
    "productPriceWithLoyaltyCard": null,
    "productPricePerUnitWithLoyaltyCard": null,
    "imageUrl": "https://cdn.barbora.lv/products/7db73f3c-708d-460d-8b5f-fce001aa8394_s.png",
    "available": true,
    "discount": null
  },
  {
    "shop": "MAXIMA",
    "categories": [
      1,
      1001,
      1001004
    ],
    "productName": "Dz.vīns MARTINI Frizz.Semis. 10,5% 750ml",
    "productPriceOld": null,
    "productPrice": {
      "value": 12.19,
      "unit": "€"
    },
    "productPricePerUnit": {
      "value": 16.25,
      "unit": "€/l"
    },
    "productPriceWithLoyaltyCard": null,
    "productPricePerUnitWithLoyaltyCard": null,
    "imageUrl": "https://cdn.barbora.lv/products/def3cc87-439f-46aa-a24d-a073e9e8a24a_s.png",
    "available": true,
    "discount": null
  },
  {
    "shop": "MAXIMA",
    "categories": [
      1,
      1001,
      1001003
    ],
    "productName": "Dzirkstošais vīns SAINT HILLARE BRUT AOC 12% 0,75l",
    "productPriceOld": null,
    "productPrice": {
      "value": 12.19,
      "unit": "€"
    },
    "productPricePerUnit": {
      "value": 16.25,
      "unit": "€/l"
    },
    "productPriceWithLoyaltyCard": null,
    "productPricePerUnitWithLoyaltyCard": null,
    "imageUrl": "https://cdn.barbora.lv/products/926c4b9f-c2a7-4552-95c9-1ac34db8c84d_s.png",
    "available": true,
    "discount": null
  },
  {
    "shop": "MAXIMA",
    "categories": [
      1,
      1001,
      1001003
    ],
    "productName": "Dzirkstošais vīns CA'DI RAJO PROSECCO 11% 0,75L",
    "productPriceOld": null,
    "productPrice": {
      "value": 12.19,
      "unit": "€"
    },
    "productPricePerUnit": {
      "value": 16.25,
      "unit": "€/l"
    },
    "productPriceWithLoyaltyCard": null,
    "productPricePerUnitWithLoyaltyCard": null,
    "imageUrl": "https://cdn.barbora.lv/products/4df9004e-cd8d-4a62-880e-118556327429_s.png",
    "available": true,
    "discount": null
  },
  {
    "shop": "MAXIMA",
    "categories": [
      1,
      1001,
      1001003
    ],
    "productName": "Vīns MARANI ALAZANI MSW.RED 11.5% 0,75L",
    "productPriceOld": null,
    "productPrice": {
      "value": 12.19,
      "unit": "€"
    },
    "productPricePerUnit": {
      "value": 16.25,
      "unit": "€/l"
    },
    "productPriceWithLoyaltyCard": null,
    "productPricePerUnitWithLoyaltyCard": null,
    "imageUrl": "https://cdn.barbora.lv/products/e452cc3f-9ec1-4848-9460-9a74ad5fc1cd_s.png",
    "available": true,
    "discount": null
  },
  {
    "shop": "MAXIMA",
    "categories": [
      1,
      1001,
      1001004
    ],
    "productName": "Dz.vīns MARTINI Frizz.Rosato 10,5% 0,75L",
    "productPriceOld": null,
    "productPrice": {
      "value": 12.19,
      "unit": "€"
    },
    "productPricePerUnit": {
      "value": 16.25,
      "unit": "€/l"
    },
    "productPriceWithLoyaltyCard": null,
    "productPricePerUnitWithLoyaltyCard": null,
    "imageUrl": "https://cdn.barbora.lv/products/f282af81-6181-48a8-a9fd-0c2794dcadb9_s.png",
    "available": true,
    "discount": null
  },
  {
    "shop": "RIMI",
    "categories": [
      1,
      1001,
      10010019
    ],
    "productName": "Stiprs alk. dzēriens Hektors 32% 0,35l",
    "productPriceOld": null,
    "productPrice": {
      "value": 5.69,
      "unit": "€/gab"
    },
    "productPricePerUnit": {
      "value": 16.26,
      "unit": "€/l"
    },
    "productPriceWithLoyaltyCard": null,
    "productPricePerUnitWithLoyaltyCard": null,
    "imageUrl": "https://rimibaltic-res.cloudinary.com/image/upload/d_ecommerce:backend-fallback.png/MAT_723449_PCE_LV",
    "available": true,
    "discount": null
  },
  {
    "shop": "CITRO",
    "categories": [
      1,
      1001,
      10010013
    ],
    "productName": "LIĶIERIS CANARI PINA COLADA 15% 0.35L",
    "productPriceOld": null,
    "productPrice": null,
    "productPricePerUnit": {
      "value": 16.26,
      "unit": "€/L"
    },
    "productPriceWithLoyaltyCard": null,
    "productPricePerUnitWithLoyaltyCard": null,
    "imageUrl": "https://rezekne.citro.lv/wp-content/uploads/2020/10/5901064766497-2020-07-02-16-51-04-2-300x300.jpg",
    "available": true,
    "discount": null
  },
  {
    "shop": "CITRO",
    "categories": [
      1,
      1001,
      10010013
    ],
    "productName": "LIĶIERIS CANARI TIRAMISU 15% 0.35L",
    "productPriceOld": null,
    "productPrice": null,
    "productPricePerUnit": {
      "value": 16.26,
      "unit": "€/L"
    },
    "productPriceWithLoyaltyCard": null,
    "productPricePerUnitWithLoyaltyCard": null,
    "imageUrl": "https://rezekne.citro.lv/wp-content/uploads/2021/05/5901064766350-300x300.jpg",
    "available": true,
    "discount": null
  },
  {
    "shop": "MAXIMA",
    "categories": [
      1,
      1001,
      1001003
    ],
    "productName": "Vīns ALAMOS Chardonnay 13% 750ml",
    "productPriceOld": null,
    "productPrice": {
      "value": 12.2,
      "unit": "€"
    },
    "productPricePerUnit": {
      "value": 16.27,
      "unit": "€/l"
    },
    "productPriceWithLoyaltyCard": null,
    "productPricePerUnitWithLoyaltyCard": null,
    "imageUrl": "https://cdn.barbora.lv/products/4ff22ffa-9d56-44e2-85db-9e2dd28ee261_s.png",
    "available": true,
    "discount": null
  },
  {
    "shop": "RIMI",
    "categories": [
      1,
      1001,
      1001003
    ],
    "productName": "S.v. Charlize Passonata Primitivo 14% 0,75l",
    "productPriceOld": null,
    "productPrice": {
      "value": 12.25,
      "unit": "€/gab"
    },
    "productPricePerUnit": {
      "value": 16.33,
      "unit": "€/l"
    },
    "productPriceWithLoyaltyCard": null,
    "productPricePerUnitWithLoyaltyCard": null,
    "imageUrl": "https://rimibaltic-res.cloudinary.com/image/upload/d_ecommerce:backend-fallback.png/MAT_7251714_PCE_LV",
    "available": true,
    "discount": null
  },
  {
    "shop": "RIMI",
    "categories": [
      1,
      1001,
      1001003
    ],
    "productName": "S.v. I Balzi Primitivo Puglia Igt 13% 0,75l",
    "productPriceOld": null,
    "productPrice": {
      "value": 12.25,
      "unit": "€/gab"
    },
    "productPricePerUnit": {
      "value": 16.33,
      "unit": "€/l"
    },
    "productPriceWithLoyaltyCard": null,
    "productPricePerUnitWithLoyaltyCard": null,
    "imageUrl": "https://rimibaltic-res.cloudinary.com/image/upload/d_ecommerce:backend-fallback.png/MAT_7290179_PCE_LV",
    "available": true,
    "discount": null
  },
  {
    "shop": "RIMI",
    "categories": [
      1,
      1001,
      1001003
    ],
    "productName": "S.v.Piemonte Doc Barbera Passito14%0,75l",
    "productPriceOld": null,
    "productPrice": {
      "value": 12.25,
      "unit": "€/gab"
    },
    "productPricePerUnit": {
      "value": 16.33,
      "unit": "€/l"
    },
    "productPriceWithLoyaltyCard": null,
    "productPricePerUnitWithLoyaltyCard": null,
    "imageUrl": "https://rimibaltic-res.cloudinary.com/image/upload/d_ecommerce:backend-fallback.png/MAT_7198647_PCE_LV",
    "available": true,
    "discount": null
  },
  {
    "shop": "RIMI",
    "categories": [
      1,
      1001,
      1001003
    ],
    "productName": "S.v.Piemonte Doc Barbera Passito14%0,75l",
    "productPriceOld": null,
    "productPrice": {
      "value": 12.25,
      "unit": "€/gab"
    },
    "productPricePerUnit": {
      "value": 16.33,
      "unit": "€/l"
    },
    "productPriceWithLoyaltyCard": null,
    "productPricePerUnitWithLoyaltyCard": null,
    "imageUrl": "https://rimibaltic-res.cloudinary.com/image/upload/d_ecommerce:backend-fallback.png/MAT_7198647_PCE_LV",
    "available": true,
    "discount": null
  },
  {
    "shop": "RIMI",
    "categories": [
      1,
      1001,
      1001003
    ],
    "productName": "B.v.Domaines Vinsmos. Pinot L.12%0,75l",
    "productPriceOld": null,
    "productPrice": {
      "value": 12.25,
      "unit": "€/gab"
    },
    "productPricePerUnit": {
      "value": 16.33,
      "unit": "€/l"
    },
    "productPriceWithLoyaltyCard": null,
    "productPricePerUnitWithLoyaltyCard": null,
    "imageUrl": "https://rimibaltic-res.cloudinary.com/image/upload/d_ecommerce:backend-fallback.png/MAT_7164054_PCE_LV",
    "available": true,
    "discount": null
  },
  {
    "shop": "RIMI",
    "categories": [
      1,
      1001,
      1001003
    ],
    "productName": "B.v.Domaines Vinsmos. Pinot L.12%0,75l",
    "productPriceOld": null,
    "productPrice": {
      "value": 12.25,
      "unit": "€/gab"
    },
    "productPricePerUnit": {
      "value": 16.33,
      "unit": "€/l"
    },
    "productPriceWithLoyaltyCard": null,
    "productPricePerUnitWithLoyaltyCard": null,
    "imageUrl": "https://rimibaltic-res.cloudinary.com/image/upload/d_ecommerce:backend-fallback.png/MAT_7164054_PCE_LV",
    "available": true,
    "discount": null
  },
  {
    "shop": "RIMI",
    "categories": [
      1,
      1001,
      1001003
    ],
    "productName": "S.v. I Balzi Rosso Puglia Passito 15% 0,75l",
    "productPriceOld": null,
    "productPrice": {
      "value": 12.25,
      "unit": "€/gab"
    },
    "productPricePerUnit": {
      "value": 16.33,
      "unit": "€/l"
    },
    "productPriceWithLoyaltyCard": null,
    "productPricePerUnitWithLoyaltyCard": null,
    "imageUrl": "https://rimibaltic-res.cloudinary.com/image/upload/d_ecommerce:backend-fallback.png/MAT_7290184_PCE_LV",
    "available": true,
    "discount": null
  },
  {
    "shop": "RIMI",
    "categories": [
      1,
      1001,
      1001003
    ],
    "productName": "S.v. Gato 9 Lives Cabernet Sauv. 13,5% 0,75l",
    "productPriceOld": null,
    "productPrice": {
      "value": 12.25,
      "unit": "€/gab"
    },
    "productPricePerUnit": {
      "value": 16.33,
      "unit": "€/l"
    },
    "productPriceWithLoyaltyCard": null,
    "productPricePerUnitWithLoyaltyCard": null,
    "imageUrl": "https://rimibaltic-res.cloudinary.com/image/upload/d_ecommerce:backend-fallback.png/MAT_7180639_PCE_LV",
    "available": true,
    "discount": null
  },
  {
    "shop": "RIMI",
    "categories": [
      1,
      1001,
      1001003
    ],
    "productName": "B.v. Gato 9 Lives Sauvignon Blanc 12% 0,75l",
    "productPriceOld": null,
    "productPrice": {
      "value": 12.25,
      "unit": "€/gab"
    },
    "productPricePerUnit": {
      "value": 16.33,
      "unit": "€/l"
    },
    "productPriceWithLoyaltyCard": null,
    "productPricePerUnitWithLoyaltyCard": null,
    "imageUrl": "https://rimibaltic-res.cloudinary.com/image/upload/d_ecommerce:backend-fallback.png/MAT_7180638_PCE_LV",
    "available": true,
    "discount": null
  },
  {
    "shop": "MAXIMA",
    "categories": [
      1,
      1001,
      1001003
    ],
    "productName": "Vīns GALAN Cabernet Sauvign.13,5% 0,75L",
    "productPriceOld": null,
    "productPrice": {
      "value": 12.25,
      "unit": "€"
    },
    "productPricePerUnit": {
      "value": 16.33,
      "unit": "€/l"
    },
    "productPriceWithLoyaltyCard": null,
    "productPricePerUnitWithLoyaltyCard": null,
    "imageUrl": "https://cdn.barbora.lv/products/51ef2b88-7d6e-47f1-8ef0-f724ee8f319d_s.png",
    "available": true,
    "discount": null
  },
  {
    "shop": "RIMI",
    "categories": [
      1,
      1001,
      10010013
    ],
    "productName": "Liķieris Moka lazdu riekstu 25% 0,5l",
    "productPriceOld": null,
    "productPrice": {
      "value": 8.19,
      "unit": "€/gab"
    },
    "productPricePerUnit": {
      "value": 16.38,
      "unit": "€/l"
    },
    "productPriceWithLoyaltyCard": null,
    "productPricePerUnitWithLoyaltyCard": null,
    "imageUrl": "https://rimibaltic-res.cloudinary.com/image/upload/d_ecommerce:backend-fallback.png/MAT_7067726_PCE_LV",
    "available": true,
    "discount": null
  },
  {
    "shop": "RIMI",
    "categories": [
      1,
      1001,
      1001003
    ],
    "productName": "Baltvīns Maori Bay Sauv. Bl. '20 12,5% 0,75l",
    "productPriceOld": null,
    "productPrice": {
      "value": 12.29,
      "unit": "€/gab"
    },
    "productPricePerUnit": {
      "value": 16.39,
      "unit": "€/l"
    },
    "productPriceWithLoyaltyCard": null,
    "productPricePerUnitWithLoyaltyCard": null,
    "imageUrl": "https://rimibaltic-res.cloudinary.com/image/upload/d_ecommerce:backend-fallback.png/MAT_7260831_PCE_LV",
    "available": true,
    "discount": null
  },
  {
    "shop": "CITRO",
    "categories": [
      1,
      1001,
      1001007
    ],
    "productName": "RUMS OLD CAPTAIN SPICED 35% 0.7L",
    "productPriceOld": null,
    "productPrice": null,
    "productPricePerUnit": {
      "value": 16.41,
      "unit": "€/L"
    },
    "productPriceWithLoyaltyCard": null,
    "productPricePerUnitWithLoyaltyCard": null,
    "imageUrl": "https://rezekne.citro.lv/wp-content/uploads/2025/01/8711114481044-300x300.jpg",
    "available": true,
    "discount": null
  },
  {
    "shop": "MAXIMA",
    "categories": [
      1,
      1001,
      10010016
    ],
    "productName": "Degvīns BERJOZOVAJA ROŠČA 40% 0,7l",
    "productPriceOld": {
      "value": 13.83,
      "unit": "€"
    },
    "productPrice": {
      "value": 13.83,
      "unit": "€"
    },
    "productPricePerUnit": {
      "value": 19.76,
      "unit": "€/l"
    },
    "productPriceWithLoyaltyCard": {
      "value": 11.49,
      "unit": "€"
    },
    "productPricePerUnitWithLoyaltyCard": {
      "value": 16.42,
      "unit": "€/l"
    },
    "imageUrl": "https://cdn.barbora.lv/products/c0911e36-2833-4672-b14d-59c902ed294f_s.png",
    "available": true,
    "discount": 17
  },
  {
    "shop": "MAXIMA",
    "categories": [
      1,
      1001,
      1001004
    ],
    "productName": "Dz.vīns BOTTER Prosecco Spuman.11% 0,2L",
    "productPriceOld": {
      "value": 4.66,
      "unit": "€"
    },
    "productPrice": {
      "value": 4.66,
      "unit": "€"
    },
    "productPricePerUnit": {
      "value": 23.3,
      "unit": "€/l"
    },
    "productPriceWithLoyaltyCard": {
      "value": 3.29,
      "unit": "€"
    },
    "productPricePerUnitWithLoyaltyCard": {
      "value": 16.45,
      "unit": "€/l"
    },
    "imageUrl": "https://cdn.barbora.lv/products/c6336eb9-c166-44ab-9511-1e09e65b4cc6_s.png",
    "available": true,
    "discount": 29
  },
  {
    "shop": "MAXIMA",
    "categories": [
      1,
      1001,
      10010016
    ],
    "productName": "Degvīns ARSEŅIČ 40% 0,2l",
    "productPriceOld": null,
    "productPrice": {
      "value": 3.29,
      "unit": "€"
    },
    "productPricePerUnit": {
      "value": 16.45,
      "unit": "€/l"
    },
    "productPriceWithLoyaltyCard": null,
    "productPricePerUnitWithLoyaltyCard": null,
    "imageUrl": "https://cdn.barbora.lv/products/7eb9df3a-34e8-4d2c-ad4d-9bfbfa2a2826_s.png",
    "available": true,
    "discount": null
  },
  {
    "shop": "MAXIMA",
    "categories": [
      1,
      1001,
      10010010
    ],
    "productName": "Brendijs AMAZONIA 36% 0,2L",
    "productPriceOld": null,
    "productPrice": {
      "value": 3.29,
      "unit": "€"
    },
    "productPricePerUnit": {
      "value": 16.45,
      "unit": "€/l"
    },
    "productPriceWithLoyaltyCard": null,
    "productPricePerUnitWithLoyaltyCard": null,
    "imageUrl": "https://cdn.barbora.lv/products/40fead8c-6753-4a44-90e7-fe8bca2a1206_s.png",
    "available": true,
    "discount": null
  },
  {
    "shop": "RIMI",
    "categories": [
      1,
      1001,
      1001003
    ],
    "productName": "S.v. Cocoon Zinfandel, sausais 13,5% 0,75l",
    "productPriceOld": null,
    "productPrice": {
      "value": 12.35,
      "unit": "€/gab"
    },
    "productPricePerUnit": {
      "value": 16.47,
      "unit": "€/l"
    },
    "productPriceWithLoyaltyCard": null,
    "productPricePerUnitWithLoyaltyCard": null,
    "imageUrl": "https://rimibaltic-res.cloudinary.com/image/upload/d_ecommerce:backend-fallback.png/MAT_7118861_PCE_LV",
    "available": true,
    "discount": null
  },
  {
    "shop": "MAXIMA",
    "categories": [
      1,
      1001,
      10010019
    ],
    "productName": "St.alk.dzēr. OAKHEART ORIGINAL 32,5% 1L",
    "productPriceOld": {
      "value": 26.36,
      "unit": "€"
    },
    "productPrice": {
      "value": 26.36,
      "unit": "€"
    },
    "productPricePerUnit": {
      "value": 26.36,
      "unit": "€/l"
    },
    "productPriceWithLoyaltyCard": {
      "value": 16.49,
      "unit": "€"
    },
    "productPricePerUnitWithLoyaltyCard": {
      "value": 16.49,
      "unit": "€/l"
    },
    "imageUrl": "https://cdn.barbora.lv/products/4b9b9f36-0b58-45b1-906c-1c41c0665382_s.png",
    "available": true,
    "discount": 37
  },
  {
    "shop": "RIMI",
    "categories": [
      1,
      1001,
      10010013
    ],
    "productName": "Liķieris Moka Original kafijas 30% 0,5l",
    "productPriceOld": null,
    "productPrice": {
      "value": 8.25,
      "unit": "€/gab"
    },
    "productPricePerUnit": {
      "value": 16.5,
      "unit": "€/l"
    },
    "productPriceWithLoyaltyCard": null,
    "productPricePerUnitWithLoyaltyCard": null,
    "imageUrl": "https://rimibaltic-res.cloudinary.com/image/upload/d_ecommerce:backend-fallback.png/MAT_152826_PCE_LV",
    "available": true,
    "discount": null
  },
  {
    "shop": "RIMI",
    "categories": [
      1,
      1001,
      1001003
    ],
    "productName": "Sarkanv.Luna Argento Rosso Appas. 13,5% 0,75l",
    "productPriceOld": null,
    "productPrice": {
      "value": 12.39,
      "unit": "€/gab"
    },
    "productPricePerUnit": {
      "value": 16.52,
      "unit": "€/l"
    },
    "productPriceWithLoyaltyCard": null,
    "productPricePerUnitWithLoyaltyCard": null,
    "imageUrl": "https://rimibaltic-res.cloudinary.com/image/upload/d_ecommerce:backend-fallback.png/MAT_7106195_PCE_LV",
    "available": true,
    "discount": null
  },
  {
    "shop": "RIMI",
    "categories": [
      1,
      1001,
      1001003
    ],
    "productName": "Sarkanv. Luna Argenta Negr. Prim. 14% 0,75l",
    "productPriceOld": null,
    "productPrice": {
      "value": 12.39,
      "unit": "€/gab"
    },
    "productPricePerUnit": {
      "value": 16.52,
      "unit": "€/l"
    },
    "productPriceWithLoyaltyCard": null,
    "productPricePerUnitWithLoyaltyCard": null,
    "imageUrl": "https://rimibaltic-res.cloudinary.com/image/upload/d_ecommerce:backend-fallback.png/MAT_7113853_PCE_LV",
    "available": true,
    "discount": null
  },
  {
    "shop": "RIMI",
    "categories": [
      1,
      1001,
      1001003
    ],
    "productName": "Baltv. Luna Argenta Bianco Appas. 12,5% 0,75l",
    "productPriceOld": null,
    "productPrice": {
      "value": 12.39,
      "unit": "€/gab"
    },
    "productPricePerUnit": {
      "value": 16.52,
      "unit": "€/l"
    },
    "productPriceWithLoyaltyCard": null,
    "productPricePerUnitWithLoyaltyCard": null,
    "imageUrl": "https://rimibaltic-res.cloudinary.com/image/upload/d_ecommerce:backend-fallback.png/MAT_7139615_PCE_LV",
    "available": true,
    "discount": null
  },
  {
    "shop": "RIMI",
    "categories": [
      1,
      1001,
      1001003
    ],
    "productName": "B.v. Grand Noir Sauv. Blanc 12% 0,187l",
    "productPriceOld": null,
    "productPrice": {
      "value": 3.09,
      "unit": "€/gab"
    },
    "productPricePerUnit": {
      "value": 16.52,
      "unit": "€/l"
    },
    "productPriceWithLoyaltyCard": null,
    "productPricePerUnitWithLoyaltyCard": null,
    "imageUrl": "https://rimibaltic-res.cloudinary.com/image/upload/d_ecommerce:backend-fallback.png/MAT_7206312_PCE_LV",
    "available": true,
    "discount": null
  },
  {
    "shop": "RIMI",
    "categories": [
      1,
      1001,
      1001004
    ],
    "productName": "Dz.v. Casa Charlize Prosecco DOC 11% 0,75l",
    "productPriceOld": null,
    "productPrice": {
      "value": 12.39,
      "unit": "€/gab"
    },
    "productPricePerUnit": {
      "value": 16.52,
      "unit": "€/l"
    },
    "productPriceWithLoyaltyCard": null,
    "productPricePerUnitWithLoyaltyCard": null,
    "imageUrl": "https://rimibaltic-res.cloudinary.com/image/upload/d_ecommerce:backend-fallback.png/MAT_7239136_PCE_LV",
    "available": true,
    "discount": null
  },
  {
    "shop": "RIMI",
    "categories": [
      1,
      1001,
      1001003
    ],
    "productName": "S.v. Grand Noir Can. Shiraz 13% 0,187l",
    "productPriceOld": null,
    "productPrice": {
      "value": 3.09,
      "unit": "€/gab"
    },
    "productPricePerUnit": {
      "value": 16.52,
      "unit": "€/l"
    },
    "productPriceWithLoyaltyCard": null,
    "productPricePerUnitWithLoyaltyCard": null,
    "imageUrl": "https://rimibaltic-res.cloudinary.com/image/upload/d_ecommerce:backend-fallback.png/MAT_7206305_PCE_LV",
    "available": true,
    "discount": null
  },
  {
    "shop": "RIMI",
    "categories": [
      1,
      1001,
      1001003
    ],
    "productName": "S.v. Marani Alazansk. Dol. 11.5% 0.75l",
    "productPriceOld": null,
    "productPrice": {
      "value": 12.39,
      "unit": "€/gab"
    },
    "productPricePerUnit": {
      "value": 16.52,
      "unit": "€/l"
    },
    "productPriceWithLoyaltyCard": null,
    "productPricePerUnitWithLoyaltyCard": null,
    "imageUrl": "https://rimibaltic-res.cloudinary.com/image/upload/d_ecommerce:backend-fallback.png/MAT_7043231_PCE_LV",
    "available": true,
    "discount": null
  },
  {
    "shop": "MAXIMA",
    "categories": [
      1,
      1001,
      1001003
    ],
    "productName": "Vīns LUNA ARGENTO ROSSO APPAS.14% 0,75L",
    "productPriceOld": null,
    "productPrice": {
      "value": 12.39,
      "unit": "€"
    },
    "productPricePerUnit": {
      "value": 16.52,
      "unit": "€/l"
    },
    "productPriceWithLoyaltyCard": null,
    "productPricePerUnitWithLoyaltyCard": null,
    "imageUrl": "https://cdn.barbora.lv/products/3100a241-5dd9-4076-9355-fbbcb7f393b2_s.png",
    "available": true,
    "discount": null
  },
  {
    "shop": "MAXIMA",
    "categories": [
      1,
      1001,
      1001003
    ],
    "productName": "Vīns GRAND NOIR Sauvign.Bl.12,5% 0,187L",
    "productPriceOld": null,
    "productPrice": {
      "value": 3.09,
      "unit": "€"
    },
    "productPricePerUnit": {
      "value": 16.52,
      "unit": "€/l"
    },
    "productPriceWithLoyaltyCard": null,
    "productPricePerUnitWithLoyaltyCard": null,
    "imageUrl": "https://cdn.barbora.lv/products/55447326-4324-4eba-ad79-62148e2b88a2_s.png",
    "available": true,
    "discount": null
  },
  {
    "shop": "MAXIMA",
    "categories": [
      1,
      1001,
      1001003
    ],
    "productName": "Vīns EPICURO Montep.d'Abruzzo 13% 0,75L",
    "productPriceOld": null,
    "productPrice": {
      "value": 12.39,
      "unit": "€"
    },
    "productPricePerUnit": {
      "value": 16.52,
      "unit": "€/l"
    },
    "productPriceWithLoyaltyCard": null,
    "productPricePerUnitWithLoyaltyCard": null,
    "imageUrl": "https://cdn.barbora.lv/products/24e6b426-d7f3-42d0-bb30-94e77fa743f4_s.png",
    "available": true,
    "discount": null
  },
  {
    "shop": "MAXIMA",
    "categories": [
      1,
      1001,
      1001003
    ],
    "productName": "Vīns VINA LEYDA RESERV.SYRAH 13,5% 0,75L",
    "productPriceOld": null,
    "productPrice": {
      "value": 12.4,
      "unit": "€"
    },
    "productPricePerUnit": {
      "value": 16.53,
      "unit": "€/l"
    },
    "productPriceWithLoyaltyCard": null,
    "productPricePerUnitWithLoyaltyCard": null,
    "imageUrl": "https://cdn.barbora.lv/products/08ff4657-f77b-4945-8498-3aa12de1a4c6_s.png",
    "available": true,
    "discount": null
  },
  {
    "shop": "MAXIMA",
    "categories": [
      1,
      1001,
      1001003
    ],
    "productName": "Vīns AKHASHENI 11% 0,75L",
    "productPriceOld": null,
    "productPrice": {
      "value": 12.41,
      "unit": "€"
    },
    "productPricePerUnit": {
      "value": 16.55,
      "unit": "€/l"
    },
    "productPriceWithLoyaltyCard": null,
    "productPricePerUnitWithLoyaltyCard": null,
    "imageUrl": "https://cdn.barbora.lv/products/141bcf57-2c83-4bad-9f29-aef7861838fc_s.png",
    "available": true,
    "discount": null
  },
  {
    "shop": "MAXIMA",
    "categories": [
      1,
      1001,
      10010010
    ],
    "productName": "Brendijs IMPERIAL XII VSOP 36% 0,7L",
    "productPriceOld": {
      "value": 14.29,
      "unit": "€"
    },
    "productPrice": {
      "value": 14.29,
      "unit": "€"
    },
    "productPricePerUnit": {
      "value": 20.41,
      "unit": "€/l"
    },
    "productPriceWithLoyaltyCard": {
      "value": 11.59,
      "unit": "€"
    },
    "productPricePerUnitWithLoyaltyCard": {
      "value": 16.55,
      "unit": "€/l"
    },
    "imageUrl": "https://cdn.barbora.lv/products/5219bcef-27c2-4ce1-b10b-2353b27208b1_s.png",
    "available": true,
    "discount": 19
  },
  {
    "shop": "CITRO",
    "categories": [
      1,
      1001,
      10010016
    ],
    "productName": "DEGVĪNS GRADUS 40% 0.7L",
    "productPriceOld": null,
    "productPrice": null,
    "productPricePerUnit": {
      "value": 16.56,
      "unit": "€/L"
    },
    "productPriceWithLoyaltyCard": null,
    "productPricePerUnitWithLoyaltyCard": null,
    "imageUrl": "https://rezekne.citro.lv/wp-content/uploads/2022/04/4750021010385-300x300.jpg",
    "available": true,
    "discount": null
  },
  {
    "shop": "RIMI",
    "categories": [
      2,
      2001,
      20010014
    ],
    "productName": "Sausmaizītes RIMI jogurta un saldā čili",
    "productPriceOld": null,
    "productPrice": {
      "value": 1.99,
      "unit": "€/gab"
    },
    "productPricePerUnit": {
      "value": 16.58,
      "unit": "€/kg"
    },
    "productPriceWithLoyaltyCard": null,
    "productPricePerUnitWithLoyaltyCard": null,
    "imageUrl": "https://rimibaltic-res.cloudinary.com/image/upload/d_ecommerce:backend-fallback.png/MAT_811317_PCE_LV",
    "available": true,
    "discount": null
  },
  {
    "shop": "RIMI",
    "categories": [
      2,
      2001,
      20010014
    ],
    "productName": "Sausmaizītes Rimi auzu 120g",
    "productPriceOld": null,
    "productPrice": {
      "value": 1.99,
      "unit": "€/gab"
    },
    "productPricePerUnit": {
      "value": 16.58,
      "unit": "€/kg"
    },
    "productPriceWithLoyaltyCard": null,
    "productPricePerUnitWithLoyaltyCard": null,
    "imageUrl": "https://rimibaltic-res.cloudinary.com/image/upload/d_ecommerce:backend-fallback.png/MAT_811329_PCE_LV",
    "available": true,
    "discount": null
  },
  {
    "shop": "RIMI",
    "categories": [
      1,
      1001,
      10010019
    ],
    "productName": "Stiprs alk.dz. Beloff Piparu Rūgtais 35% 0,5l",
    "productPriceOld": null,
    "productPrice": {
      "value": 8.29,
      "unit": "€/gab"
    },
    "productPricePerUnit": {
      "value": 16.58,
      "unit": "€/l"
    },
    "productPriceWithLoyaltyCard": null,
    "productPricePerUnitWithLoyaltyCard": null,
    "imageUrl": "https://rimibaltic-res.cloudinary.com/image/upload/d_ecommerce:backend-fallback.png/MAT_802083_PCE_LV",
    "available": true,
    "discount": null
  },
  {
    "shop": "MAXIMA",
    "categories": [
      1,
      1001,
      10010019
    ],
    "productName": "St.alk.dz. ARSEŅIČ ķiršu 40% 0,5L",
    "productPriceOld": {
      "value": 10.75,
      "unit": "€"
    },
    "productPrice": {
      "value": 10.75,
      "unit": "€"
    },
    "productPricePerUnit": {
      "value": 21.5,
      "unit": "€/l"
    },
    "productPriceWithLoyaltyCard": {
      "value": 8.29,
      "unit": "€"
    },
    "productPricePerUnitWithLoyaltyCard": {
      "value": 16.58,
      "unit": "€/l"
    },
    "imageUrl": "https://cdn.barbora.lv/products/59feb810-31e4-4e6a-9ebe-5f9654fcd9a5_s.png",
    "available": true,
    "discount": 23
  },
  {
    "shop": "MAXIMA",
    "categories": [
      1,
      1001,
      10010019
    ],
    "productName": "Stiprs alkoholiskais dzēriens ARSEŅIČ dzērveņu 40% 0,5l",
    "productPriceOld": {
      "value": 11.06,
      "unit": "€"
    },
    "productPrice": {
      "value": 11.06,
      "unit": "€"
    },
    "productPricePerUnit": {
      "value": 22.12,
      "unit": "€/l"
    },
    "productPriceWithLoyaltyCard": {
      "value": 8.29,
      "unit": "€"
    },
    "productPricePerUnitWithLoyaltyCard": {
      "value": 16.58,
      "unit": "€/l"
    },
    "imageUrl": "https://cdn.barbora.lv/products/34cd96ce-2656-4f06-8c28-9dbf991ab68a_s.png",
    "available": true,
    "discount": 25
  },
  {
    "shop": "MAXIMA",
    "categories": [
      1,
      1001,
      10010019
    ],
    "productName": "Stiprs alkoholiskais dzēriens ARSEŅIČ bumbieru 40% 0,5l",
    "productPriceOld": {
      "value": 11.06,
      "unit": "€"
    },
    "productPrice": {
      "value": 11.06,
      "unit": "€"
    },
    "productPricePerUnit": {
      "value": 22.12,
      "unit": "€/l"
    },
    "productPriceWithLoyaltyCard": {
      "value": 8.29,
      "unit": "€"
    },
    "productPricePerUnitWithLoyaltyCard": {
      "value": 16.58,
      "unit": "€/l"
    },
    "imageUrl": "https://cdn.barbora.lv/products/54af2614-2522-405e-a0f7-a022897a5ce0_s.png",
    "available": true,
    "discount": 25
  },
  {
    "shop": "MAXIMA",
    "categories": [
      1,
      1001,
      10010019
    ],
    "productName": "Stiprs alkoholiskais dzēriens ARSEŅIČ upeņu 40% 0,5L",
    "productPriceOld": {
      "value": 11.06,
      "unit": "€"
    },
    "productPrice": {
      "value": 11.06,
      "unit": "€"
    },
    "productPricePerUnit": {
      "value": 22.12,
      "unit": "€/l"
    },
    "productPriceWithLoyaltyCard": {
      "value": 8.29,
      "unit": "€"
    },
    "productPricePerUnitWithLoyaltyCard": {
      "value": 16.58,
      "unit": "€/l"
    },
    "imageUrl": "https://cdn.barbora.lv/products/dfcf483c-cd85-4620-ba50-759c0ce56e6d_s.png",
    "available": true,
    "discount": 25
  },
  {
    "shop": "MAXIMA",
    "categories": [
      1,
      1001,
      10010019
    ],
    "productName": "St.alk.dz.ARSEŅIČ smiltsērkšķu 40% 0,5l",
    "productPriceOld": {
      "value": 11.06,
      "unit": "€"
    },
    "productPrice": {
      "value": 11.06,
      "unit": "€"
    },
    "productPricePerUnit": {
      "value": 22.12,
      "unit": "€/l"
    },
    "productPriceWithLoyaltyCard": {
      "value": 8.29,
      "unit": "€"
    },
    "productPricePerUnitWithLoyaltyCard": {
      "value": 16.58,
      "unit": "€/l"
    },
    "imageUrl": "https://cdn.barbora.lv/products/99451919-31b7-4b83-aff3-f825a56b7f55_s.png",
    "available": true,
    "discount": 25
  },
  {
    "shop": "MAXIMA",
    "categories": [
      1,
      1001,
      10010016
    ],
    "productName": "Degvīns ARSEŅIČ 40% 0,5l",
    "productPriceOld": null,
    "productPrice": {
      "value": 8.29,
      "unit": "€"
    },
    "productPricePerUnit": {
      "value": 16.58,
      "unit": "€/l"
    },
    "productPriceWithLoyaltyCard": null,
    "productPricePerUnitWithLoyaltyCard": null,
    "imageUrl": "https://cdn.barbora.lv/products/588277d6-bb91-417f-bf57-ec18a0210df6_s.png",
    "available": true,
    "discount": null
  },
  {
    "shop": "MAXIMA",
    "categories": [
      1,
      1001,
      10010019
    ],
    "productName": "St.alk.dz.ARSEŅIČ ābolu 40% 0,5l",
    "productPriceOld": {
      "value": 11.06,
      "unit": "€"
    },
    "productPrice": {
      "value": 11.06,
      "unit": "€"
    },
    "productPricePerUnit": {
      "value": 22.12,
      "unit": "€/l"
    },
    "productPriceWithLoyaltyCard": {
      "value": 8.29,
      "unit": "€"
    },
    "productPricePerUnitWithLoyaltyCard": {
      "value": 16.58,
      "unit": "€/l"
    },
    "imageUrl": "https://cdn.barbora.lv/products/98627c59-1875-4a41-8946-428de4be2122_s.png",
    "available": true,
    "discount": 25
  },
  {
    "shop": "MAXIMA",
    "categories": [
      2,
      2005
    ],
    "productName": "Kūciņas Vecrīga MEISTARA MARKA 2x60g",
    "productPriceOld": null,
    "productPrice": {
      "value": 1.99,
      "unit": "€"
    },
    "productPricePerUnit": {
      "value": 16.58,
      "unit": "€/kg"
    },
    "productPriceWithLoyaltyCard": null,
    "productPricePerUnitWithLoyaltyCard": null,
    "imageUrl": "https://cdn.barbora.lv/products/b04ab85b-5dc5-4e6e-9c0a-4b3def60ce43_s.png",
    "available": true,
    "discount": null
  },
  {
    "shop": "RIMI",
    "categories": [
      1,
      1001,
      10010016
    ],
    "productName": "Degvīns Finlandia Redberry 37,5% 1l",
    "productPriceOld": null,
    "productPrice": {
      "value": 27.85,
      "unit": "€/gab"
    },
    "productPricePerUnit": {
      "value": 27.85,
      "unit": "€/l"
    },
    "productPriceWithLoyaltyCard": {
      "value": 16.59,
      "unit": "€"
    },
    "productPricePerUnitWithLoyaltyCard": {
      "value": 16.59,
      "unit": "€/l"
    },
    "imageUrl": "https://rimibaltic-res.cloudinary.com/image/upload/d_ecommerce:backend-fallback.png/MAT_7178668_PCE_LV",
    "available": true,
    "discount": 40
  },
  {
    "shop": "RIMI",
    "categories": [
      1,
      1001,
      10010016
    ],
    "productName": "Degvīns Finlandia Cranberry 37,5% 1l",
    "productPriceOld": null,
    "productPrice": {
      "value": 27.85,
      "unit": "€/gab"
    },
    "productPricePerUnit": {
      "value": 27.85,
      "unit": "€/l"
    },
    "productPriceWithLoyaltyCard": {
      "value": 16.59,
      "unit": "€"
    },
    "productPricePerUnitWithLoyaltyCard": {
      "value": 16.59,
      "unit": "€/l"
    },
    "imageUrl": "https://rimibaltic-res.cloudinary.com/image/upload/d_ecommerce:backend-fallback.png/MAT_7178669_PCE_LV",
    "available": true,
    "discount": 40
  },
  {
    "shop": "MAXIMA",
    "categories": [
      1,
      1001,
      1001003
    ],
    "productName": "Vīns ROBERTSON CABERNET SAUVIGNON 13,5% 0,75L",
    "productPriceOld": null,
    "productPrice": {
      "value": 12.45,
      "unit": "€"
    },
    "productPricePerUnit": {
      "value": 16.6,
      "unit": "€/l"
    },
    "productPriceWithLoyaltyCard": null,
    "productPricePerUnitWithLoyaltyCard": null,
    "imageUrl": "https://cdn.barbora.lv/products/b7c864af-bf81-41df-9cba-5622b9075816_s.png",
    "available": true,
    "discount": null
  },
  {
    "shop": "RIMI",
    "categories": [
      2,
      2005
    ],
    "productName": "Kūka Kūko mandarīnu citrona 600g",
    "productPriceOld": {
      "value": 12.15,
      "unit": "€"
    },
    "productPrice": {
      "value": 9.99,
      "unit": "€/gab"
    },
    "productPricePerUnit": {
      "value": 16.65,
      "unit": "€/kg"
    },
    "productPriceWithLoyaltyCard": null,
    "productPricePerUnitWithLoyaltyCard": null,
    "imageUrl": "https://rimibaltic-res.cloudinary.com/image/upload/d_ecommerce:backend-fallback.png/MAT_995760_PCE_LV",
    "available": true,
    "discount": 18
  },
  {
    "shop": "RIMI",
    "categories": [
      1,
      1001,
      1001004
    ],
    "productName": "Dz.v. Cielo Prosecco Spumante 11% 0,75l",
    "productPriceOld": null,
    "productPrice": {
      "value": 12.49,
      "unit": "€/gab"
    },
    "productPricePerUnit": {
      "value": 16.65,
      "unit": "€/l"
    },
    "productPriceWithLoyaltyCard": null,
    "productPricePerUnitWithLoyaltyCard": null,
    "imageUrl": "https://rimibaltic-res.cloudinary.com/image/upload/d_ecommerce:backend-fallback.png/MAT_7198810_PCE_LV",
    "available": true,
    "discount": null
  },
  {
    "shop": "MAXIMA",
    "categories": [
      1,
      1001,
      1001003
    ],
    "productName": "Vīns TORRES VINA ESMERALDA 11,5% 0,75L",
    "productPriceOld": null,
    "productPrice": {
      "value": 12.49,
      "unit": "€"
    },
    "productPricePerUnit": {
      "value": 16.65,
      "unit": "€/l"
    },
    "productPriceWithLoyaltyCard": null,
    "productPricePerUnitWithLoyaltyCard": null,
    "imageUrl": "https://cdn.barbora.lv/products/81283365-f4d1-4d93-a0ab-01d056492199_s.png",
    "available": true,
    "discount": null
  },
  {
    "shop": "MAXIMA",
    "categories": [
      1,
      1001,
      1001003
    ],
    "productName": "Vīns CASA CHARLIZE PINOT G.T.S 12% 0,75L",
    "productPriceOld": null,
    "productPrice": {
      "value": 12.5,
      "unit": "€"
    },
    "productPricePerUnit": {
      "value": 16.67,
      "unit": "€/l"
    },
    "productPriceWithLoyaltyCard": null,
    "productPricePerUnitWithLoyaltyCard": null,
    "imageUrl": "https://cdn.barbora.lv/products/8d257d22-3b5b-4f48-815e-3b3297c1bc79_s.png",
    "available": true,
    "discount": null
  },
  {
    "shop": "MAXIMA",
    "categories": [
      1,
      1001,
      10010013
    ],
    "productName": "Liķieris CANARI COCONUT-MILK 15% 0,35L",
    "productPriceOld": null,
    "productPrice": {
      "value": 5.84,
      "unit": "€"
    },
    "productPricePerUnit": {
      "value": 16.69,
      "unit": "€/l"
    },
    "productPriceWithLoyaltyCard": null,
    "productPricePerUnitWithLoyaltyCard": null,
    "imageUrl": "https://cdn.barbora.lv/products/6f2f689f-c6ed-43fc-a066-cf8fa703b269_s.png",
    "available": true,
    "discount": null
  },
  {
    "shop": "MAXIMA",
    "categories": [
      1,
      1001,
      10010013
    ],
    "productName": "Liķieris CANARI PINA COLADA 15% 0,35L",
    "productPriceOld": null,
    "productPrice": {
      "value": 5.84,
      "unit": "€"
    },
    "productPricePerUnit": {
      "value": 16.69,
      "unit": "€/l"
    },
    "productPriceWithLoyaltyCard": null,
    "productPricePerUnitWithLoyaltyCard": null,
    "imageUrl": "https://cdn.barbora.lv/products/51e151a0-7a51-497b-84ad-739b8c0ecb7c_s.png",
    "available": true,
    "discount": null
  },
  {
    "shop": "CITRO",
    "categories": [
      1,
      1001,
      10010019
    ],
    "productName": "ST.ALK.DZ. BONAPARTE 38% 0.7L",
    "productPriceOld": null,
    "productPrice": null,
    "productPricePerUnit": {
      "value": 16.7,
      "unit": "€/L"
    },
    "productPriceWithLoyaltyCard": null,
    "productPricePerUnitWithLoyaltyCard": null,
    "imageUrl": "https://rezekne.citro.lv/wp-content/uploads/2021/02/4750021518362-300x300.jpg",
    "available": true,
    "discount": null
  },
  {
    "shop": "RIMI",
    "categories": [
      2,
      2008
    ],
    "productName": "Virtulis ar šokolādes pildījumu, atk. 77g",
    "productPriceOld": null,
    "productPrice": {
      "value": 1.29,
      "unit": "€/gab"
    },
    "productPricePerUnit": {
      "value": 16.75,
      "unit": "€/kg"
    },
    "productPriceWithLoyaltyCard": null,
    "productPricePerUnitWithLoyaltyCard": null,
    "imageUrl": "https://rimibaltic-res.cloudinary.com/image/upload/d_ecommerce:backend-fallback.png/MAT_4001237_PCE_LV",
    "available": true,
    "discount": null
  },
  {
    "shop": "CITRO",
    "categories": [
      1,
      1001,
      10010019
    ],
    "productName": "ST.ALK.DZ. BONAPARTE 38% 0.5L",
    "productPriceOld": null,
    "productPrice": null,
    "productPricePerUnit": {
      "value": 16.78,
      "unit": "€/L"
    },
    "productPriceWithLoyaltyCard": null,
    "productPricePerUnitWithLoyaltyCard": null,
    "imageUrl": "https://rezekne.citro.lv/wp-content/uploads/2021/02/4750021518263-300x300.jpg",
    "available": true,
    "discount": null
  },
  {
    "shop": "RIMI",
    "categories": [
      1,
      1001,
      1001003
    ],
    "productName": "Rozā vīns Chiaretto Bardolino 12,5% 0,75l",
    "productPriceOld": null,
    "productPrice": {
      "value": 12.59,
      "unit": "€/gab"
    },
    "productPricePerUnit": {
      "value": 16.79,
      "unit": "€/l"
    },
    "productPriceWithLoyaltyCard": null,
    "productPricePerUnitWithLoyaltyCard": null,
    "imageUrl": "https://rimibaltic-res.cloudinary.com/image/upload/d_ecommerce:backend-fallback.png/MAT_814853_PCE_LV",
    "available": true,
    "discount": null
  },
  {
    "shop": "RIMI",
    "categories": [
      1,
      1001,
      1001003
    ],
    "productName": "Sarkanvīns Bardolino Classico 12,5% 0,75l",
    "productPriceOld": null,
    "productPrice": {
      "value": 12.59,
      "unit": "€/gab"
    },
    "productPricePerUnit": {
      "value": 16.79,
      "unit": "€/l"
    },
    "productPriceWithLoyaltyCard": null,
    "productPricePerUnitWithLoyaltyCard": null,
    "imageUrl": "https://rimibaltic-res.cloudinary.com/image/upload/d_ecommerce:backend-fallback.png/MAT_814840_PCE_LV",
    "available": true,
    "discount": null
  },
  {
    "shop": "CITRO",
    "categories": [
      1,
      1001,
      10010016
    ],
    "productName": "DEGVĪNS ICE PALACE VODKA 40% 1L",
    "productPriceOld": {
      "value": 20.99,
      "unit": "€"
    },
    "productPrice": {
      "value": 16.79,
      "unit": "€"
    },
    "productPricePerUnit": {
      "value": 16.79,
      "unit": "€/L"
    },
    "productPriceWithLoyaltyCard": null,
    "productPricePerUnitWithLoyaltyCard": null,
    "imageUrl": "https://rezekne.citro.lv/wp-content/uploads/2020/12/4820201991145-300x300.jpg",
    "available": true,
    "discount": 20
  },
  {
    "shop": "CITRO",
    "categories": [
      1,
      1001,
      10010016
    ],
    "productName": "DEGVĪNS ICE PALACE VODKA CRANBERRY 40% 1L",
    "productPriceOld": {
      "value": 20.99,
      "unit": "€"
    },
    "productPrice": {
      "value": 16.79,
      "unit": "€"
    },
    "productPricePerUnit": {
      "value": 16.79,
      "unit": "€/L"
    },
    "productPriceWithLoyaltyCard": null,
    "productPricePerUnitWithLoyaltyCard": null,
    "imageUrl": "https://rezekne.citro.lv/wp-content/uploads/2025/01/Dzervene-1L-300x300.png",
    "available": true,
    "discount": 20
  },
  {
    "shop": "MAXIMA",
    "categories": [
      1,
      1001,
      10010016
    ],
    "productName": "Degvīns SLAVIANKA 40% 0,5L",
    "productPriceOld": null,
    "productPrice": {
      "value": 8.41,
      "unit": "€"
    },
    "productPricePerUnit": {
      "value": 16.82,
      "unit": "€/l"
    },
    "productPriceWithLoyaltyCard": null,
    "productPricePerUnitWithLoyaltyCard": null,
    "imageUrl": "https://cdn.barbora.lv/products/952df7e1-c558-4762-a0c0-220173dcbdef_s.png",
    "available": true,
    "discount": null
  },
  {
    "shop": "RIMI",
    "categories": [
      1,
      1001,
      1001003
    ],
    "productName": "B.v. Curly Sheep Sauvignon Blanc 12,5% 0,75l",
    "productPriceOld": null,
    "productPrice": {
      "value": 12.65,
      "unit": "€/gab"
    },
    "productPricePerUnit": {
      "value": 16.87,
      "unit": "€/l"
    },
    "productPriceWithLoyaltyCard": null,
    "productPricePerUnitWithLoyaltyCard": null,
    "imageUrl": "https://rimibaltic-res.cloudinary.com/image/upload/d_ecommerce:backend-fallback.png/MAT_7288763_PCE_LV",
    "available": true,
    "discount": null
  },
  {
    "shop": "RIMI",
    "categories": [
      1,
      1001,
      10010019
    ],
    "productName": "Stiprs alkoholsiks dzēriens Forum 36% 0,5l",
    "productPriceOld": null,
    "productPrice": {
      "value": 8.45,
      "unit": "€/gab"
    },
    "productPricePerUnit": {
      "value": 16.9,
      "unit": "€/l"
    },
    "productPriceWithLoyaltyCard": null,
    "productPricePerUnitWithLoyaltyCard": null,
    "imageUrl": "https://rimibaltic-res.cloudinary.com/image/upload/d_ecommerce:backend-fallback.png/MAT_7298806_PCE_LV",
    "available": true,
    "discount": null
  },
  {
    "shop": "MAXIMA",
    "categories": [
      1,
      1001,
      1001003
    ],
    "productName": "Vīns TALISMAN AHASHENI 11,5% 0,75L",
    "productPriceOld": null,
    "productPrice": {
      "value": 12.69,
      "unit": "€"
    },
    "productPricePerUnit": {
      "value": 16.92,
      "unit": "€/l"
    },
    "productPriceWithLoyaltyCard": null,
    "productPricePerUnitWithLoyaltyCard": null,
    "imageUrl": "https://cdn.barbora.lv/products/3d68d03a-76a4-434a-b340-7fac6ed49346_s.png",
    "available": true,
    "discount": null
  },
  {
    "shop": "MAXIMA",
    "categories": [
      1,
      1001,
      1001003
    ],
    "productName": "Dzirkst.vīns ASKANELI Brut 12% 0,75L",
    "productPriceOld": null,
    "productPrice": {
      "value": 12.69,
      "unit": "€"
    },
    "productPricePerUnit": {
      "value": 16.92,
      "unit": "€/l"
    },
    "productPriceWithLoyaltyCard": null,
    "productPricePerUnitWithLoyaltyCard": null,
    "imageUrl": "https://cdn.barbora.lv/products/420229e0-980f-4afe-8434-c7783de77afc_s.png",
    "available": true,
    "discount": null
  },
  {
    "shop": "RIMI",
    "categories": [
      2,
      2001,
      20010015
    ],
    "productName": "Sausmaiz. Selga Nature ar timiā. un sēk. 200g",
    "productPriceOld": null,
    "productPrice": {
      "value": 3.39,
      "unit": "€/gab"
    },
    "productPricePerUnit": {
      "value": 16.95,
      "unit": "€/kg"
    },
    "productPriceWithLoyaltyCard": null,
    "productPricePerUnitWithLoyaltyCard": null,
    "imageUrl": "https://rimibaltic-res.cloudinary.com/image/upload/d_ecommerce:backend-fallback.png/MAT_4002821_PCE_LV",
    "available": true,
    "discount": null
  },
  {
    "shop": "RIMI",
    "categories": [
      1,
      1001,
      1001003
    ],
    "productName": "Dzirkstošais vīns Schwansee Cuvee 11% 0,2l",
    "productPriceOld": null,
    "productPrice": {
      "value": 3.39,
      "unit": "€/gab"
    },
    "productPricePerUnit": {
      "value": 16.95,
      "unit": "€/l"
    },
    "productPriceWithLoyaltyCard": null,
    "productPricePerUnitWithLoyaltyCard": null,
    "imageUrl": "https://rimibaltic-res.cloudinary.com/image/upload/d_ecommerce:backend-fallback.png/MAT_7285382_PCE_LV",
    "available": true,
    "discount": null
  },
  {
    "shop": "RIMI",
    "categories": [
      1,
      1001,
      1001003
    ],
    "productName": "Dzirkstošais vīns Schwansee Rose 11% 0,2l",
    "productPriceOld": null,
    "productPrice": {
      "value": 3.39,
      "unit": "€/gab"
    },
    "productPricePerUnit": {
      "value": 16.95,
      "unit": "€/l"
    },
    "productPriceWithLoyaltyCard": null,
    "productPricePerUnitWithLoyaltyCard": null,
    "imageUrl": "https://rimibaltic-res.cloudinary.com/image/upload/d_ecommerce:backend-fallback.png/MAT_7285383_PCE_LV",
    "available": true,
    "discount": null
  },
  {
    "shop": "MAXIMA",
    "categories": [
      1,
      1001,
      10010016
    ],
    "productName": "Degvīns HLIBNIJ DAR PŠEŅIČNA 40% 0,2L",
    "productPriceOld": {
      "value": 4.11,
      "unit": "€"
    },
    "productPrice": {
      "value": 4.11,
      "unit": "€"
    },
    "productPricePerUnit": {
      "value": 20.55,
      "unit": "€/l"
    },
    "productPriceWithLoyaltyCard": {
      "value": 3.39,
      "unit": "€"
    },
    "productPricePerUnitWithLoyaltyCard": {
      "value": 16.95,
      "unit": "€/l"
    },
    "imageUrl": "https://cdn.barbora.lv/products/c8d0b196-345f-4f15-93fe-418cddd1e4de_s.png",
    "available": true,
    "discount": 18
  },
  {
    "shop": "MAXIMA",
    "categories": [
      1,
      1001,
      10010016
    ],
    "productName": "Degvīns HLIBNIJ DAR KLASIČNA 40% 0,2L",
    "productPriceOld": {
      "value": 4.11,
      "unit": "€"
    },
    "productPrice": {
      "value": 4.11,
      "unit": "€"
    },
    "productPricePerUnit": {
      "value": 20.55,
      "unit": "€/l"
    },
    "productPriceWithLoyaltyCard": {
      "value": 3.39,
      "unit": "€"
    },
    "productPricePerUnitWithLoyaltyCard": {
      "value": 16.95,
      "unit": "€/l"
    },
    "imageUrl": "https://cdn.barbora.lv/products/994bab9c-0f67-4980-a57c-414918ce6a08_s.png",
    "available": true,
    "discount": 18
  },
  {
    "shop": "MAXIMA",
    "categories": [
      1,
      1001,
      10010016
    ],
    "productName": "Degvīns MOSKOVSKAJA OSOBAJA 40% 0,2l",
    "productPriceOld": null,
    "productPrice": {
      "value": 3.39,
      "unit": "€"
    },
    "productPricePerUnit": {
      "value": 16.95,
      "unit": "€/l"
    },
    "productPriceWithLoyaltyCard": null,
    "productPricePerUnitWithLoyaltyCard": null,
    "imageUrl": "https://cdn.barbora.lv/products/db16ca13-4854-4473-af2e-f1d50ee3be3b_s.png",
    "available": true,
    "discount": null
  },
  {
    "shop": "MAXIMA",
    "categories": [
      1,
      1001,
      10010016
    ],
    "productName": "Degvīns GRADUS 40% 0,2L",
    "productPriceOld": null,
    "productPrice": {
      "value": 3.39,
      "unit": "€"
    },
    "productPricePerUnit": {
      "value": 16.95,
      "unit": "€/l"
    },
    "productPriceWithLoyaltyCard": null,
    "productPricePerUnitWithLoyaltyCard": null,
    "imageUrl": "https://cdn.barbora.lv/products/c3f0834f-a0de-4682-8552-29190a5c4972_s.png",
    "available": true,
    "discount": null
  },
  {
    "shop": "CITRO",
    "categories": [
      1,
      1001,
      10010016
    ],
    "productName": "DEGVĪNS KUNGU 40% 0.2L",
    "productPriceOld": {
      "value": 3.99,
      "unit": "€"
    },
    "productPrice": {
      "value": 3.39,
      "unit": "€"
    },
    "productPricePerUnit": {
      "value": 16.95,
      "unit": "€/L"
    },
    "productPriceWithLoyaltyCard": null,
    "productPricePerUnitWithLoyaltyCard": null,
    "imageUrl": "https://rezekne.citro.lv/wp-content/uploads/2020/04/4750036000067-300x300.jpg",
    "available": true,
    "discount": 15
  },
  {
    "shop": "RIMI",
    "categories": [
      2,
      2005
    ],
    "productName": "Rulete Staburadze šokolādes 400g",
    "productPriceOld": null,
    "productPrice": {
      "value": 6.79,
      "unit": "€/gab"
    },
    "productPricePerUnit": {
      "value": 16.97,
      "unit": "€/kg"
    },
    "productPriceWithLoyaltyCard": null,
    "productPricePerUnitWithLoyaltyCard": null,
    "imageUrl": "https://rimibaltic-res.cloudinary.com/image/upload/d_ecommerce:backend-fallback.png/MAT_968073_PCE_LV",
    "available": true,
    "discount": null
  },
  {
    "shop": "MAXIMA",
    "categories": [
      1,
      1001,
      10010016
    ],
    "productName": "Degvīns ZUBROWKA BIALA 40% 0,5l",
    "productPriceOld": {
      "value": 12.09,
      "unit": "€"
    },
    "productPrice": {
      "value": 12.09,
      "unit": "€"
    },
    "productPricePerUnit": {
      "value": 24.18,
      "unit": "€/l"
    },
    "productPriceWithLoyaltyCard": {
      "value": 8.49,
      "unit": "€"
    },
    "productPricePerUnitWithLoyaltyCard": {
      "value": 16.98,
      "unit": "€/l"
    },
    "imageUrl": "https://cdn.barbora.lv/products/69e2bc4c-7365-4043-a126-372682a49bb7_s.png",
    "available": true,
    "discount": 30
  },
  {
    "shop": "MAXIMA",
    "categories": [
      2,
      2005
    ],
    "productName": "Šokolādes rulete STABURADZE 400g",
    "productPriceOld": null,
    "productPrice": {
      "value": 6.79,
      "unit": "€"
    },
    "productPricePerUnit": {
      "value": 16.98,
      "unit": "€/kg"
    },
    "productPriceWithLoyaltyCard": null,
    "productPricePerUnitWithLoyaltyCard": null,
    "imageUrl": "https://cdn.barbora.lv/products/abb8b341-81af-446a-9a0e-cb632571014b_s.png",
    "available": true,
    "discount": null
  },
  {
    "shop": "CITRO",
    "categories": [
      1,
      1001,
      10010016
    ],
    "productName": "DEGVĪNS NEVSKAYA 40% 0.5L",
    "productPriceOld": {
      "value": 10.49,
      "unit": "€"
    },
    "productPrice": {
      "value": 8.49,
      "unit": "€"
    },
    "productPricePerUnit": {
      "value": 16.98,
      "unit": "€/L"
    },
    "productPriceWithLoyaltyCard": null,
    "productPricePerUnitWithLoyaltyCard": null,
    "imageUrl": "https://rezekne.citro.lv/wp-content/uploads/2025/02/4740050010333-300x300.jpg",
    "available": true,
    "discount": 19
  },
  {
    "shop": "RIMI",
    "categories": [
      1,
      1001,
      10010013
    ],
    "productName": "Ruma liķieris Malibu 21% 1l",
    "productPriceOld": null,
    "productPrice": {
      "value": 20.09,
      "unit": "€/gab"
    },
    "productPricePerUnit": {
      "value": 20.09,
      "unit": "€/l"
    },
    "productPriceWithLoyaltyCard": {
      "value": 16.99,
      "unit": "€"
    },
    "productPricePerUnitWithLoyaltyCard": {
      "value": 16.99,
      "unit": "€/l"
    },
    "imageUrl": "https://rimibaltic-res.cloudinary.com/image/upload/d_ecommerce:backend-fallback.png/MAT_102094_PCE_LV",
    "available": true,
    "discount": 15
  },
  {
    "shop": "RIMI",
    "categories": [
      2,
      2008
    ],
    "productName": "Virtulis ar jāņogu - aveņu pild.atkausēts 70g",
    "productPriceOld": null,
    "productPrice": {
      "value": 1.19,
      "unit": "€/gab"
    },
    "productPricePerUnit": {
      "value": 17,
      "unit": "€/kg"
    },
    "productPriceWithLoyaltyCard": null,
    "productPricePerUnitWithLoyaltyCard": null,
    "imageUrl": "https://rimibaltic-res.cloudinary.com/image/upload/d_ecommerce:backend-fallback.png/MAT_986843_PCE_LV",
    "available": true,
    "discount": null
  },
  {
    "shop": "RIMI",
    "categories": [
      1,
      1001,
      1001003
    ],
    "productName": "B.v. Cottini Pinot Grigio Organic 13% 0,75l",
    "productPriceOld": null,
    "productPrice": {
      "value": 12.75,
      "unit": "€/gab"
    },
    "productPricePerUnit": {
      "value": 17,
      "unit": "€/l"
    },
    "productPriceWithLoyaltyCard": null,
    "productPricePerUnitWithLoyaltyCard": null,
    "imageUrl": "https://rimibaltic-res.cloudinary.com/image/upload/d_ecommerce:backend-fallback.png/MAT_7249165_PCE_LV",
    "available": true,
    "discount": null
  },
  {
    "shop": "RIMI",
    "categories": [
      1,
      1001,
      1001003
    ],
    "productName": "R.v. Cottini Bardolino Organic 13% 0,75l",
    "productPriceOld": null,
    "productPrice": {
      "value": 12.75,
      "unit": "€/gab"
    },
    "productPricePerUnit": {
      "value": 17,
      "unit": "€/l"
    },
    "productPriceWithLoyaltyCard": null,
    "productPricePerUnitWithLoyaltyCard": null,
    "imageUrl": "https://rimibaltic-res.cloudinary.com/image/upload/d_ecommerce:backend-fallback.png/MAT_7249154_PCE_LV",
    "available": true,
    "discount": null
  },
  {
    "shop": "RIMI",
    "categories": [
      1,
      1001,
      1001003
    ],
    "productName": "S.v. Cottini Stile Naturale Org. 13,5% 0,75l",
    "productPriceOld": null,
    "productPrice": {
      "value": 12.75,
      "unit": "€/gab"
    },
    "productPricePerUnit": {
      "value": 17,
      "unit": "€/l"
    },
    "productPriceWithLoyaltyCard": null,
    "productPricePerUnitWithLoyaltyCard": null,
    "imageUrl": "https://rimibaltic-res.cloudinary.com/image/upload/d_ecommerce:backend-fallback.png/MAT_7249164_PCE_LV",
    "available": true,
    "discount": null
  },
  {
    "shop": "RIMI",
    "categories": [
      1,
      1001,
      1001003
    ],
    "productName": "B.v. Villa Haas Grüner Veltliner 12,5% 0,75l",
    "productPriceOld": null,
    "productPrice": {
      "value": 12.79,
      "unit": "€/gab"
    },
    "productPricePerUnit": {
      "value": 17.05,
      "unit": "€/l"
    },
    "productPriceWithLoyaltyCard": null,
    "productPricePerUnitWithLoyaltyCard": null,
    "imageUrl": "https://rimibaltic-res.cloudinary.com/image/upload/d_ecommerce:backend-fallback.png/MAT_7289993_PCE_LV",
    "available": true,
    "discount": null
  },
  {
    "shop": "MAXIMA",
    "categories": [
      1,
      1001,
      1001003
    ],
    "productName": "Vīns B&G ROSE D'ANJOU 10,5% 0,75l",
    "productPriceOld": null,
    "productPrice": {
      "value": 12.79,
      "unit": "€"
    },
    "productPricePerUnit": {
      "value": 17.05,
      "unit": "€/l"
    },
    "productPriceWithLoyaltyCard": null,
    "productPricePerUnitWithLoyaltyCard": null,
    "imageUrl": "https://cdn.barbora.lv/products/4aa32be0-1c5a-4d7a-84ca-2b9d3f45df7e_s.png",
    "available": true,
    "discount": null
  },
  {
    "shop": "MAXIMA",
    "categories": [
      2,
      2009
    ],
    "productName": "Eklēri ar pistācijas krēmu MEISTARA MARKA 2x70g",
    "productPriceOld": null,
    "productPrice": {
      "value": 2.39,
      "unit": "€"
    },
    "productPricePerUnit": {
      "value": 17.07,
      "unit": "€/kg"
    },
    "productPriceWithLoyaltyCard": null,
    "productPricePerUnitWithLoyaltyCard": null,
    "imageUrl": "https://cdn.barbora.lv/products/65502b9b-a391-4d24-a36e-834542066f51_s.png",
    "available": true,
    "discount": null
  },
  {
    "shop": "MAXIMA",
    "categories": [
      2,
      2009
    ],
    "productName": "Eklēri ar vaniļas krēmu MM 2x70g",
    "productPriceOld": null,
    "productPrice": {
      "value": 2.39,
      "unit": "€"
    },
    "productPricePerUnit": {
      "value": 17.07,
      "unit": "€/kg"
    },
    "productPriceWithLoyaltyCard": null,
    "productPricePerUnitWithLoyaltyCard": null,
    "imageUrl": "https://cdn.barbora.lv/products/6454e799-c7c1-4b0d-add6-544239e52901_s.png",
    "available": true,
    "discount": null
  },
  {
    "shop": "RIMI",
    "categories": [
      2,
      2005
    ],
    "productName": "Siera kūka Suntažu Barons šokolādes 700g",
    "productPriceOld": null,
    "productPrice": {
      "value": 11.99,
      "unit": "€/gab"
    },
    "productPricePerUnit": {
      "value": 17.13,
      "unit": "€/kg"
    },
    "productPriceWithLoyaltyCard": null,
    "productPricePerUnitWithLoyaltyCard": null,
    "imageUrl": "https://rimibaltic-res.cloudinary.com/image/upload/d_ecommerce:backend-fallback.png/MAT_977525_PCE_LV",
    "available": true,
    "discount": null
  },
  {
    "shop": "RIMI",
    "categories": [
      1,
      1001,
      10010016
    ],
    "productName": "Degvīns Moskovskaja 40% 0,7l",
    "productPriceOld": null,
    "productPrice": {
      "value": 13.95,
      "unit": "€/gab"
    },
    "productPricePerUnit": {
      "value": 19.93,
      "unit": "€/l"
    },
    "productPriceWithLoyaltyCard": {
      "value": 11.99,
      "unit": "€"
    },
    "productPricePerUnitWithLoyaltyCard": {
      "value": 17.13,
      "unit": "€/l"
    },
    "imageUrl": "https://rimibaltic-res.cloudinary.com/image/upload/d_ecommerce:backend-fallback.png/MAT_459995_PCE_LV",
    "available": true,
    "discount": 14
  },
  {
    "shop": "RIMI",
    "categories": [
      1,
      1001,
      10010016
    ],
    "productName": "Degvīns Moskovskaja 40% 0,7l",
    "productPriceOld": null,
    "productPrice": {
      "value": 13.95,
      "unit": "€/gab"
    },
    "productPricePerUnit": {
      "value": 19.93,
      "unit": "€/l"
    },
    "productPriceWithLoyaltyCard": {
      "value": 11.99,
      "unit": "€"
    },
    "productPricePerUnitWithLoyaltyCard": {
      "value": 17.13,
      "unit": "€/l"
    },
    "imageUrl": "https://rimibaltic-res.cloudinary.com/image/upload/d_ecommerce:backend-fallback.png/MAT_459995_PCE_LV",
    "available": true,
    "discount": 14
  },
  {
    "shop": "MAXIMA",
    "categories": [
      1,
      1001,
      1001003
    ],
    "productName": "Vīns LA BATTISTINA GAVI 13% 0,75L",
    "productPriceOld": null,
    "productPrice": {
      "value": 12.85,
      "unit": "€"
    },
    "productPricePerUnit": {
      "value": 17.13,
      "unit": "€/l"
    },
    "productPriceWithLoyaltyCard": null,
    "productPricePerUnitWithLoyaltyCard": null,
    "imageUrl": "https://cdn.barbora.lv/products/6845b87d-ec04-4eba-9517-ca008bfe317f_s.png",
    "available": true,
    "discount": null
  },
  {
    "shop": "CITRO",
    "categories": [
      1,
      1001,
      10010010
    ],
    "productName": "BRENDIJS GRAND CAVALIER 38% 0.7L",
    "productPriceOld": {
      "value": 12.99,
      "unit": "€"
    },
    "productPrice": {
      "value": 11.99,
      "unit": "€"
    },
    "productPricePerUnit": {
      "value": 17.13,
      "unit": "€/L"
    },
    "productPriceWithLoyaltyCard": null,
    "productPricePerUnitWithLoyaltyCard": null,
    "imageUrl": "https://rezekne.citro.lv/wp-content/uploads/2024/04/4750021523328-300x300.jpg",
    "available": true,
    "discount": 8
  },
  {
    "shop": "MAXIMA",
    "categories": [
      2,
      2001,
      20010015
    ],
    "productName": "Grissini ar olīveļļu 250g",
    "productPriceOld": null,
    "productPrice": {
      "value": 4.29,
      "unit": "€"
    },
    "productPricePerUnit": {
      "value": 17.16,
      "unit": "€/kg"
    },
    "productPriceWithLoyaltyCard": null,
    "productPricePerUnitWithLoyaltyCard": null,
    "imageUrl": "https://cdn.barbora.lv/products/593e0863-51c3-4c45-a896-35e9a3334578_s.png",
    "available": true,
    "discount": null
  },
  {
    "shop": "MAXIMA",
    "categories": [
      2,
      2001,
      20010015
    ],
    "productName": "Grissini ar rozmarīnu 250g",
    "productPriceOld": null,
    "productPrice": {
      "value": 4.29,
      "unit": "€"
    },
    "productPricePerUnit": {
      "value": 17.16,
      "unit": "€/kg"
    },
    "productPriceWithLoyaltyCard": null,
    "productPricePerUnitWithLoyaltyCard": null,
    "imageUrl": "https://cdn.barbora.lv/products/9cd6cdf6-494d-4ab5-808d-082740be90b8_s.png",
    "available": true,
    "discount": null
  },
  {
    "shop": "RIMI",
    "categories": [
      2,
      2005
    ],
    "productName": "Griljāžas kūka Lāči riekstu 500g",
    "productPriceOld": null,
    "productPrice": {
      "value": 8.59,
      "unit": "€/gab"
    },
    "productPricePerUnit": {
      "value": 17.18,
      "unit": "€/kg"
    },
    "productPriceWithLoyaltyCard": null,
    "productPricePerUnitWithLoyaltyCard": null,
    "imageUrl": "https://rimibaltic-res.cloudinary.com/image/upload/d_ecommerce:backend-fallback.png/MAT_298056_PCE_LV",
    "available": true,
    "discount": null
  },
  {
    "shop": "RIMI",
    "categories": [
      1,
      1001,
      10010013
    ],
    "productName": "Liķieris Vana Tallinn Coconut 16% 0,5l",
    "productPriceOld": null,
    "productPrice": {
      "value": 12.15,
      "unit": "€/gab"
    },
    "productPricePerUnit": {
      "value": 24.3,
      "unit": "€/l"
    },
    "productPriceWithLoyaltyCard": {
      "value": 8.59,
      "unit": "€"
    },
    "productPricePerUnitWithLoyaltyCard": {
      "value": 17.18,
      "unit": "€/l"
    },
    "imageUrl": "https://rimibaltic-res.cloudinary.com/image/upload/d_ecommerce:backend-fallback.png/MAT_7222139_PCE_LV",
    "available": true,
    "discount": 29
  },
  {
    "shop": "RIMI",
    "categories": [
      1,
      1001,
      10010016
    ],
    "productName": "Degvīns Sila Prirodi klassičeskaja 40% 0,5L",
    "productPriceOld": null,
    "productPrice": {
      "value": 13.25,
      "unit": "€/gab"
    },
    "productPricePerUnit": {
      "value": 26.5,
      "unit": "€/l"
    },
    "productPriceWithLoyaltyCard": {
      "value": 8.59,
      "unit": "€"
    },
    "productPricePerUnitWithLoyaltyCard": {
      "value": 17.18,
      "unit": "€/l"
    },
    "imageUrl": "https://rimibaltic-res.cloudinary.com/image/upload/d_ecommerce:backend-fallback.png/MAT_7130877_PCE_LV",
    "available": true,
    "discount": 35
  },
  {
    "shop": "RIMI",
    "categories": [
      1,
      1001,
      10010016
    ],
    "productName": "Degvīns Sila Prirodi Berjozovaja 40% 0,5l",
    "productPriceOld": null,
    "productPrice": {
      "value": 11.65,
      "unit": "€/gab"
    },
    "productPricePerUnit": {
      "value": 23.3,
      "unit": "€/l"
    },
    "productPriceWithLoyaltyCard": {
      "value": 8.59,
      "unit": "€"
    },
    "productPricePerUnitWithLoyaltyCard": {
      "value": 17.18,
      "unit": "€/l"
    },
    "imageUrl": "https://rimibaltic-res.cloudinary.com/image/upload/d_ecommerce:backend-fallback.png/MAT_7300628_PCE_LV",
    "available": true,
    "discount": 26
  },
  {
    "shop": "MAXIMA",
    "categories": [
      1,
      1001,
      10010016
    ],
    "productName": "Degvīns STUMBRAS dzērveņu 40% 0,5l",
    "productPriceOld": {
      "value": 14.55,
      "unit": "€"
    },
    "productPrice": {
      "value": 14.55,
      "unit": "€"
    },
    "productPricePerUnit": {
      "value": 29.1,
      "unit": "€/l"
    },
    "productPriceWithLoyaltyCard": {
      "value": 8.59,
      "unit": "€"
    },
    "productPricePerUnitWithLoyaltyCard": {
      "value": 17.18,
      "unit": "€/l"
    },
    "imageUrl": "https://cdn.barbora.lv/products/08c465d0-7d9f-4f8e-8448-1ac4101a007b_s.png",
    "available": true,
    "discount": 41
  },
  {
    "shop": "MAXIMA",
    "categories": [
      1,
      1001,
      10010016
    ],
    "productName": "Degvīns STUMBRAS CIDONIJU 40% 0,5L",
    "productPriceOld": {
      "value": 10.85,
      "unit": "€"
    },
    "productPrice": {
      "value": 10.85,
      "unit": "€"
    },
    "productPricePerUnit": {
      "value": 21.7,
      "unit": "€/l"
    },
    "productPriceWithLoyaltyCard": {
      "value": 8.59,
      "unit": "€"
    },
    "productPricePerUnitWithLoyaltyCard": {
      "value": 17.18,
      "unit": "€/l"
    },
    "imageUrl": "https://cdn.barbora.lv/products/93cb2bbe-e613-49c6-98c8-d6bd91f017c6_s.png",
    "available": true,
    "discount": 21
  },
  {
    "shop": "MAXIMA",
    "categories": [
      1,
      1001,
      10010016
    ],
    "productName": "Degvīns STUMBRAS VODKA 40% 0,5L",
    "productPriceOld": {
      "value": 14.55,
      "unit": "€"
    },
    "productPrice": {
      "value": 14.55,
      "unit": "€"
    },
    "productPricePerUnit": {
      "value": 29.1,
      "unit": "€/l"
    },
    "productPriceWithLoyaltyCard": {
      "value": 8.59,
      "unit": "€"
    },
    "productPricePerUnitWithLoyaltyCard": {
      "value": 17.18,
      "unit": "€/l"
    },
    "imageUrl": "https://cdn.barbora.lv/products/e9dcd695-4667-468f-a11f-2e1b5ee2f018_s.png",
    "available": true,
    "discount": 41
  },
  {
    "shop": "MAXIMA",
    "categories": [
      1,
      1001,
      10010016
    ],
    "productName": "Degvīns STUMBRAS SPICY PEPPER 40% 0,5L",
    "productPriceOld": {
      "value": 11.95,
      "unit": "€"
    },
    "productPrice": {
      "value": 11.95,
      "unit": "€"
    },
    "productPricePerUnit": {
      "value": 23.9,
      "unit": "€/l"
    },
    "productPriceWithLoyaltyCard": {
      "value": 8.59,
      "unit": "€"
    },
    "productPricePerUnitWithLoyaltyCard": {
      "value": 17.18,
      "unit": "€/l"
    },
    "imageUrl": "https://cdn.barbora.lv/products/9ecbf273-5a72-4763-a7bd-594cf53c5df5_s.png",
    "available": true,
    "discount": 28
  },
  {
    "shop": "CITRO",
    "categories": [
      1,
      1001,
      10010019
    ],
    "productName": "ST.ALK.DZ. BONAPARTE APPLE 36% 0.5L",
    "productPriceOld": null,
    "productPrice": null,
    "productPricePerUnit": {
      "value": 17.18,
      "unit": "€/L"
    },
    "productPriceWithLoyaltyCard": null,
    "productPricePerUnitWithLoyaltyCard": null,
    "imageUrl": "https://rezekne.citro.lv/wp-content/uploads/2022/05/4750021011559-1-300x300.jpg",
    "available": true,
    "discount": null
  },
  {
    "shop": "CITRO",
    "categories": [
      1,
      1001,
      10010013
    ],
    "productName": "LIĶIERIS ŠARLOTE BALZAMA 17% 0.5L",
    "productPriceOld": null,
    "productPrice": null,
    "productPricePerUnit": {
      "value": 17.18,
      "unit": "€/L"
    },
    "productPriceWithLoyaltyCard": null,
    "productPricePerUnitWithLoyaltyCard": null,
    "imageUrl": "https://rezekne.citro.lv/wp-content/uploads/2020/04/4750021008634-300x300.jpg",
    "available": true,
    "discount": null
  },
  {
    "shop": "RIMI",
    "categories": [
      2,
      2001,
      20010015
    ],
    "productName": "Maizes nūjiņas Grissini ar olīveļļu 125g",
    "productPriceOld": null,
    "productPrice": {
      "value": 2.15,
      "unit": "€/gab"
    },
    "productPricePerUnit": {
      "value": 17.2,
      "unit": "€/kg"
    },
    "productPriceWithLoyaltyCard": null,
    "productPricePerUnitWithLoyaltyCard": null,
    "imageUrl": "https://rimibaltic-res.cloudinary.com/image/upload/d_ecommerce:backend-fallback.png/MAT_168335_PCE_LV",
    "available": true,
    "discount": null
  },
  {
    "shop": "MAXIMA",
    "categories": [
      2,
      2001,
      20010015
    ],
    "productName": "Grissini 125g",
    "productPriceOld": null,
    "productPrice": {
      "value": 2.15,
      "unit": "€"
    },
    "productPricePerUnit": {
      "value": 17.2,
      "unit": "€/kg"
    },
    "productPriceWithLoyaltyCard": null,
    "productPricePerUnitWithLoyaltyCard": null,
    "imageUrl": "https://cdn.barbora.lv/products/45bf3553-94fe-4807-bc05-768345e97727_s.png",
    "available": true,
    "discount": null
  },
  {
    "shop": "RIMI",
    "categories": [
      1,
      1001,
      10010016
    ],
    "productName": "Degvīns Stumbras dzērveņu 40% 0,2l",
    "productPriceOld": null,
    "productPrice": {
      "value": 4.99,
      "unit": "€/gab"
    },
    "productPricePerUnit": {
      "value": 24.95,
      "unit": "€/l"
    },
    "productPriceWithLoyaltyCard": {
      "value": 3.45,
      "unit": "€"
    },
    "productPricePerUnitWithLoyaltyCard": {
      "value": 17.25,
      "unit": "€/l"
    },
    "imageUrl": "https://rimibaltic-res.cloudinary.com/image/upload/d_ecommerce:backend-fallback.png/MAT_7298674_PCE_LV",
    "available": true,
    "discount": 31
  },
  {
    "shop": "MAXIMA",
    "categories": [
      1,
      1001,
      10010019
    ],
    "productName": "St.alk.dz. IMPERIAL XII VS 30% 0,2L",
    "productPriceOld": null,
    "productPrice": {
      "value": 3.46,
      "unit": "€"
    },
    "productPricePerUnit": {
      "value": 17.3,
      "unit": "€/l"
    },
    "productPriceWithLoyaltyCard": null,
    "productPricePerUnitWithLoyaltyCard": null,
    "imageUrl": "https://cdn.barbora.lv/products/2ef3eb35-2682-4073-9202-8853c82d3981_s.png",
    "available": true,
    "discount": null
  },
  {
    "shop": "RIMI",
    "categories": [
      1,
      1001,
      1001003
    ],
    "productName": "S.v. Laroche L Pinot Noir 13% 0,75l",
    "productPriceOld": null,
    "productPrice": {
      "value": 12.99,
      "unit": "€/gab"
    },
    "productPricePerUnit": {
      "value": 17.32,
      "unit": "€/l"
    },
    "productPriceWithLoyaltyCard": null,
    "productPricePerUnitWithLoyaltyCard": null,
    "imageUrl": "https://rimibaltic-res.cloudinary.com/image/upload/d_ecommerce:backend-fallback.png/MAT_7087563_PCE_LV",
    "available": true,
    "discount": null
  },
  {
    "shop": "RIMI",
    "categories": [
      1,
      1001,
      1001003
    ],
    "productName": "B.v.Matua Valley Sauvignon Bl. 13%0,75l",
    "productPriceOld": null,
    "productPrice": {
      "value": 15.05,
      "unit": "€/gab"
    },
    "productPricePerUnit": {
      "value": 20.07,
      "unit": "€/l"
    },
    "productPriceWithLoyaltyCard": {
      "value": 12.99,
      "unit": "€"
    },
    "productPricePerUnitWithLoyaltyCard": {
      "value": 17.32,
      "unit": "€/l"
    },
    "imageUrl": "https://rimibaltic-res.cloudinary.com/image/upload/d_ecommerce:backend-fallback.png/MAT_7162682_PCE_LV",
    "available": true,
    "discount": 14
  },
  {
    "shop": "RIMI",
    "categories": [
      1,
      1001,
      1001003
    ],
    "productName": "Sarkanvīns Dehesa La Granja 14,5% 0,75l",
    "productPriceOld": null,
    "productPrice": {
      "value": 16.19,
      "unit": "€/gab"
    },
    "productPricePerUnit": {
      "value": 21.59,
      "unit": "€/l"
    },
    "productPriceWithLoyaltyCard": {
      "value": 12.99,
      "unit": "€"
    },
    "productPricePerUnitWithLoyaltyCard": {
      "value": 17.32,
      "unit": "€/l"
    },
    "imageUrl": "https://rimibaltic-res.cloudinary.com/image/upload/d_ecommerce:backend-fallback.png/MAT_7172107_PCE_LV",
    "available": true,
    "discount": 20
  },
  {
    "shop": "RIMI",
    "categories": [
      1,
      1001,
      1001003
    ],
    "productName": "B.v. Matua Chardonnay 13% 0,75l",
    "productPriceOld": null,
    "productPrice": {
      "value": 15.19,
      "unit": "€/gab"
    },
    "productPricePerUnit": {
      "value": 20.25,
      "unit": "€/l"
    },
    "productPriceWithLoyaltyCard": {
      "value": 12.99,
      "unit": "€"
    },
    "productPricePerUnitWithLoyaltyCard": {
      "value": 17.32,
      "unit": "€/l"
    },
    "imageUrl": "https://rimibaltic-res.cloudinary.com/image/upload/d_ecommerce:backend-fallback.png/MAT_7250548_PCE_LV",
    "available": true,
    "discount": 14
  },
  {
    "shop": "RIMI",
    "categories": [
      1,
      1001,
      1001003
    ],
    "productName": "R.v. Laroche L Rose Pay Doc 12,5% 0,75l",
    "productPriceOld": null,
    "productPrice": {
      "value": 12.99,
      "unit": "€/gab"
    },
    "productPricePerUnit": {
      "value": 17.32,
      "unit": "€/l"
    },
    "productPriceWithLoyaltyCard": null,
    "productPricePerUnitWithLoyaltyCard": null,
    "imageUrl": "https://rimibaltic-res.cloudinary.com/image/upload/d_ecommerce:backend-fallback.png/MAT_7087562_PCE_LV",
    "available": true,
    "discount": null
  },
  {
    "shop": "RIMI",
    "categories": [
      1,
      1001,
      1001003
    ],
    "productName": "Sarkanvīns Sensi Ninfato Sangiovese 14% 0,75l",
    "productPriceOld": null,
    "productPrice": {
      "value": 18.25,
      "unit": "€/gab"
    },
    "productPricePerUnit": {
      "value": 24.33,
      "unit": "€/l"
    },
    "productPriceWithLoyaltyCard": {
      "value": 12.99,
      "unit": "€"
    },
    "productPricePerUnitWithLoyaltyCard": {
      "value": 17.32,
      "unit": "€/l"
    },
    "imageUrl": "https://rimibaltic-res.cloudinary.com/image/upload/d_ecommerce:backend-fallback.png/MAT_7220667_PCE_LV",
    "available": true,
    "discount": 29
  },
  {
    "shop": "RIMI",
    "categories": [
      1,
      1001,
      1001003
    ],
    "productName": "B.v. Laroche L Sauvignon Bl 12,5% 0,75l",
    "productPriceOld": null,
    "productPrice": {
      "value": 12.99,
      "unit": "€/gab"
    },
    "productPricePerUnit": {
      "value": 17.32,
      "unit": "€/l"
    },
    "productPriceWithLoyaltyCard": null,
    "productPricePerUnitWithLoyaltyCard": null,
    "imageUrl": "https://rimibaltic-res.cloudinary.com/image/upload/d_ecommerce:backend-fallback.png/MAT_7087565_PCE_LV",
    "available": true,
    "discount": null
  },
  {
    "shop": "RIMI",
    "categories": [
      1,
      1001,
      1001003
    ],
    "productName": "S.v. Sensi Vegante Chianti Sup. BIO 13% 0,75l",
    "productPriceOld": null,
    "productPrice": {
      "value": 18.25,
      "unit": "€/gab"
    },
    "productPricePerUnit": {
      "value": 24.33,
      "unit": "€/l"
    },
    "productPriceWithLoyaltyCard": {
      "value": 12.99,
      "unit": "€"
    },
    "productPricePerUnitWithLoyaltyCard": {
      "value": 17.32,
      "unit": "€/l"
    },
    "imageUrl": "https://rimibaltic-res.cloudinary.com/image/upload/d_ecommerce:backend-fallback.png/MAT_7220666_PCE_LV",
    "available": true,
    "discount": 29
  },
  {
    "shop": "RIMI",
    "categories": [
      1,
      1001,
      1001003
    ],
    "productName": "S.v.Matua Valley Pinot Noir 13% 0,75l",
    "productPriceOld": null,
    "productPrice": {
      "value": 15.19,
      "unit": "€/gab"
    },
    "productPricePerUnit": {
      "value": 20.25,
      "unit": "€/l"
    },
    "productPriceWithLoyaltyCard": {
      "value": 12.99,
      "unit": "€"
    },
    "productPricePerUnitWithLoyaltyCard": {
      "value": 17.32,
      "unit": "€/l"
    },
    "imageUrl": "https://rimibaltic-res.cloudinary.com/image/upload/d_ecommerce:backend-fallback.png/MAT_7179963_PCE_LV",
    "available": true,
    "discount": 14
  },
  {
    "shop": "RIMI",
    "categories": [
      1,
      1001,
      1001003
    ],
    "productName": "S.v.Matua Valley Pinot Noir 13% 0,75l",
    "productPriceOld": null,
    "productPrice": {
      "value": 15.19,
      "unit": "€/gab"
    },
    "productPricePerUnit": {
      "value": 20.25,
      "unit": "€/l"
    },
    "productPriceWithLoyaltyCard": {
      "value": 12.99,
      "unit": "€"
    },
    "productPricePerUnitWithLoyaltyCard": {
      "value": 17.32,
      "unit": "€/l"
    },
    "imageUrl": "https://rimibaltic-res.cloudinary.com/image/upload/d_ecommerce:backend-fallback.png/MAT_7179963_PCE_LV",
    "available": true,
    "discount": 14
  },
  {
    "shop": "RIMI",
    "categories": [
      1,
      1001,
      1001004
    ],
    "productName": "Dz.v. Sensi Pure Prosecco Rose 11% 0,75l",
    "productPriceOld": null,
    "productPrice": {
      "value": 22.49,
      "unit": "€/gab"
    },
    "productPricePerUnit": {
      "value": 29.99,
      "unit": "€/l"
    },
    "productPriceWithLoyaltyCard": {
      "value": 12.99,
      "unit": "€"
    },
    "productPricePerUnitWithLoyaltyCard": {
      "value": 17.32,
      "unit": "€/l"
    },
    "imageUrl": "https://rimibaltic-res.cloudinary.com/image/upload/d_ecommerce:backend-fallback.png/MAT_7248932_PCE_LV",
    "available": true,
    "discount": 42
  },
  {
    "shop": "RIMI",
    "categories": [
      1,
      1001,
      1001003
    ],
    "productName": "B.v. Ca'Natura Pecor. BIO pussauss 13% 0,75l",
    "productPriceOld": null,
    "productPrice": {
      "value": 12.99,
      "unit": "€/gab"
    },
    "productPricePerUnit": {
      "value": 17.32,
      "unit": "€/l"
    },
    "productPriceWithLoyaltyCard": null,
    "productPricePerUnitWithLoyaltyCard": null,
    "imageUrl": "https://rimibaltic-res.cloudinary.com/image/upload/d_ecommerce:backend-fallback.png/MAT_7301013_PCE_LV",
    "available": true,
    "discount": null
  },
  {
    "shop": "RIMI",
    "categories": [
      1,
      1001,
      1001004
    ],
    "productName": "Dz.v. Sensi Prosecco 18K 11% 0,75l",
    "productPriceOld": null,
    "productPrice": {
      "value": 22.49,
      "unit": "€/gab"
    },
    "productPricePerUnit": {
      "value": 29.99,
      "unit": "€/l"
    },
    "productPriceWithLoyaltyCard": {
      "value": 12.99,
      "unit": "€"
    },
    "productPricePerUnitWithLoyaltyCard": {
      "value": 17.32,
      "unit": "€/l"
    },
    "imageUrl": "https://rimibaltic-res.cloudinary.com/image/upload/d_ecommerce:backend-fallback.png/MAT_7220665_PCE_LV",
    "available": true,
    "discount": 42
  },
  {
    "shop": "RIMI",
    "categories": [
      1,
      1001,
      1001003
    ],
    "productName": "S.v. Ca'Natura Montep. BIO sauss 13,5% 0,75l",
    "productPriceOld": null,
    "productPrice": {
      "value": 12.99,
      "unit": "€/gab"
    },
    "productPricePerUnit": {
      "value": 17.32,
      "unit": "€/l"
    },
    "productPriceWithLoyaltyCard": null,
    "productPricePerUnitWithLoyaltyCard": null,
    "imageUrl": "https://rimibaltic-res.cloudinary.com/image/upload/d_ecommerce:backend-fallback.png/MAT_7301014_PCE_LV",
    "available": true,
    "discount": null
  },
  {
    "shop": "MAXIMA",
    "categories": [
      1,
      1001,
      1001003
    ],
    "productName": "VīnsMASSERIA PIETROSA MANDURIA12,5%0,75L",
    "productPriceOld": {
      "value": 21.82,
      "unit": "€"
    },
    "productPrice": {
      "value": 21.82,
      "unit": "€"
    },
    "productPricePerUnit": {
      "value": 29.09,
      "unit": "€/l"
    },
    "productPriceWithLoyaltyCard": {
      "value": 12.99,
      "unit": "€"
    },
    "productPricePerUnitWithLoyaltyCard": {
      "value": 17.32,
      "unit": "€/l"
    },
    "imageUrl": "https://cdn.barbora.lv/products/352d5780-23c0-44b0-a98b-f1811890d535_s.png",
    "available": true,
    "discount": 40
  },
  {
    "shop": "MAXIMA",
    "categories": [
      1,
      1001,
      1001003
    ],
    "productName": "Vīns COTO DE IMAZ RESERVA 13% 0,75L",
    "productPriceOld": {
      "value": 18.82,
      "unit": "€"
    },
    "productPrice": {
      "value": 18.82,
      "unit": "€"
    },
    "productPricePerUnit": {
      "value": 25.09,
      "unit": "€/l"
    },
    "productPriceWithLoyaltyCard": {
      "value": 12.99,
      "unit": "€"
    },
    "productPricePerUnitWithLoyaltyCard": {
      "value": 17.32,
      "unit": "€/l"
    },
    "imageUrl": "https://cdn.barbora.lv/products/54e5f89d-24dc-4c31-890b-8eeb1f6590be_s.png",
    "available": true,
    "discount": 31
  },
  {
    "shop": "MAXIMA",
    "categories": [
      1,
      1001,
      1001003
    ],
    "productName": "Vīns RAOUL CLERGET Chardonnay 12,5%0,75L",
    "productPriceOld": {
      "value": 21.19,
      "unit": "€"
    },
    "productPrice": {
      "value": 21.19,
      "unit": "€"
    },
    "productPricePerUnit": {
      "value": 28.25,
      "unit": "€/l"
    },
    "productPriceWithLoyaltyCard": {
      "value": 12.99,
      "unit": "€"
    },
    "productPricePerUnitWithLoyaltyCard": {
      "value": 17.32,
      "unit": "€/l"
    },
    "imageUrl": "https://cdn.barbora.lv/products/c7883d21-fd1e-4a42-9f74-fe9f7a8129bb_s.png",
    "available": true,
    "discount": 39
  },
  {
    "shop": "MAXIMA",
    "categories": [
      1,
      1001,
      1001003
    ],
    "productName": "Vīns RAOUL CLERGET Pinot Noir 12% 0,75L",
    "productPriceOld": {
      "value": 19.19,
      "unit": "€"
    },
    "productPrice": {
      "value": 19.19,
      "unit": "€"
    },
    "productPricePerUnit": {
      "value": 25.59,
      "unit": "€/l"
    },
    "productPriceWithLoyaltyCard": {
      "value": 12.99,
      "unit": "€"
    },
    "productPricePerUnitWithLoyaltyCard": {
      "value": 17.32,
      "unit": "€/l"
    },
    "imageUrl": "https://cdn.barbora.lv/products/86a0ea50-32dc-404e-9134-06226962765d_s.png",
    "available": true,
    "discount": 32
  },
  {
    "shop": "MAXIMA",
    "categories": [
      1,
      1001,
      1001003
    ],
    "productName": "Vīns MONSIEUR PLUMAGE Pinot Noir 13% 0,75L",
    "productPriceOld": null,
    "productPrice": {
      "value": 12.99,
      "unit": "€"
    },
    "productPricePerUnit": {
      "value": 17.32,
      "unit": "€/l"
    },
    "productPriceWithLoyaltyCard": null,
    "productPricePerUnitWithLoyaltyCard": null,
    "imageUrl": "https://cdn.barbora.lv/products/3702f1bd-3482-42f9-8701-b871c7ee2719_s.png",
    "available": true,
    "discount": null
  },
  {
    "shop": "MAXIMA",
    "categories": [
      1,
      1001,
      1001003
    ],
    "productName": "Vīns ERRAZURIZ ESTATE SAUV.B.13.5% 0,75L",
    "productPriceOld": null,
    "productPrice": {
      "value": 12.99,
      "unit": "€"
    },
    "productPricePerUnit": {
      "value": 17.32,
      "unit": "€/l"
    },
    "productPriceWithLoyaltyCard": null,
    "productPricePerUnitWithLoyaltyCard": null,
    "imageUrl": "https://cdn.barbora.lv/products/ab778b0a-c76c-4240-ae09-3918d9dc4309_s.png",
    "available": true,
    "discount": null
  },
  {
    "shop": "MAXIMA",
    "categories": [
      1,
      1001,
      1001003
    ],
    "productName": "Vīns MONSIEUR PLUMAGE Rose 12% 0,75L",
    "productPriceOld": null,
    "productPrice": {
      "value": 12.99,
      "unit": "€"
    },
    "productPricePerUnit": {
      "value": 17.32,
      "unit": "€/l"
    },
    "productPriceWithLoyaltyCard": null,
    "productPricePerUnitWithLoyaltyCard": null,
    "imageUrl": "https://cdn.barbora.lv/products/17f0c1d5-0277-44ed-b73a-733806ffadd0_s.png",
    "available": true,
    "discount": null
  },
  {
    "shop": "MAXIMA",
    "categories": [
      1,
      1001,
      1001003
    ],
    "productName": "Vīns CUEVA DE LOBOS Rosado 13% 0,75L",
    "productPriceOld": null,
    "productPrice": {
      "value": 12.99,
      "unit": "€"
    },
    "productPricePerUnit": {
      "value": 17.32,
      "unit": "€/l"
    },
    "productPriceWithLoyaltyCard": null,
    "productPricePerUnitWithLoyaltyCard": null,
    "imageUrl": "https://cdn.barbora.lv/products/a69de0c3-482b-4edd-b6a0-f0e2da3797d4_s.png",
    "available": true,
    "discount": null
  },
  {
    "shop": "MAXIMA",
    "categories": [
      1,
      1001,
      1001003
    ],
    "productName": "Vīns CUEVA DE LOBOS Blanco 13% 0,75L",
    "productPriceOld": null,
    "productPrice": {
      "value": 12.99,
      "unit": "€"
    },
    "productPricePerUnit": {
      "value": 17.32,
      "unit": "€/l"
    },
    "productPriceWithLoyaltyCard": null,
    "productPricePerUnitWithLoyaltyCard": null,
    "imageUrl": "https://cdn.barbora.lv/products/0135ed08-7936-4eee-927c-7e769178c131_s.png",
    "available": true,
    "discount": null
  },
  {
    "shop": "MAXIMA",
    "categories": [
      1,
      1001,
      1001003
    ],
    "productName": "Vīns CUEVA DE LOBOS Tinto 13,5% 0,75L",
    "productPriceOld": null,
    "productPrice": {
      "value": 12.99,
      "unit": "€"
    },
    "productPricePerUnit": {
      "value": 17.32,
      "unit": "€/l"
    },
    "productPriceWithLoyaltyCard": null,
    "productPricePerUnitWithLoyaltyCard": null,
    "imageUrl": "https://cdn.barbora.lv/products/2f3c80c4-436a-4c6e-ab93-0d6b8960cac3_s.png",
    "available": true,
    "discount": null
  },
  {
    "shop": "MAXIMA",
    "categories": [
      1,
      1001,
      1001003
    ],
    "productName": "Vīns MONSIEUR PLUMAGE Cabernet Sauvignon 13% 0,75L",
    "productPriceOld": null,
    "productPrice": {
      "value": 12.99,
      "unit": "€"
    },
    "productPricePerUnit": {
      "value": 17.32,
      "unit": "€/l"
    },
    "productPriceWithLoyaltyCard": null,
    "productPricePerUnitWithLoyaltyCard": null,
    "imageUrl": "https://cdn.barbora.lv/products/1bb68bc3-d8f8-4a23-9125-07945daba21c_s.png",
    "available": true,
    "discount": null
  },
  {
    "shop": "MAXIMA",
    "categories": [
      1,
      1001,
      1001003
    ],
    "productName": "Vīns MONSIEUR PLUMAGE Chard.13,5% 0,75L",
    "productPriceOld": null,
    "productPrice": {
      "value": 12.99,
      "unit": "€"
    },
    "productPricePerUnit": {
      "value": 17.32,
      "unit": "€/l"
    },
    "productPriceWithLoyaltyCard": null,
    "productPricePerUnitWithLoyaltyCard": null,
    "imageUrl": "https://cdn.barbora.lv/products/6cba1bc4-5ca3-4cf5-8301-f7a1f1dd42a8_s.png",
    "available": true,
    "discount": null
  },
  {
    "shop": "CITRO",
    "categories": [
      1,
      1001,
      1001006
    ],
    "productName": "VERMUTS MARTINI BIANCO 15% 0.75L",
    "productPriceOld": null,
    "productPrice": null,
    "productPricePerUnit": {
      "value": 17.32,
      "unit": "€/L"
    },
    "productPriceWithLoyaltyCard": null,
    "productPricePerUnitWithLoyaltyCard": null,
    "imageUrl": "https://rezekne.citro.lv/wp-content/uploads/2021/07/5010677924009-300x300.jpg",
    "available": true,
    "discount": null
  },
  {
    "shop": "RIMI",
    "categories": [
      2,
      2007
    ],
    "productName": "Kēkss Lāči apelsīnu 270g",
    "productPriceOld": null,
    "productPrice": {
      "value": 4.69,
      "unit": "€/gab"
    },
    "productPricePerUnit": {
      "value": 17.37,
      "unit": "€/kg"
    },
    "productPriceWithLoyaltyCard": null,
    "productPricePerUnitWithLoyaltyCard": null,
    "imageUrl": "https://rimibaltic-res.cloudinary.com/image/upload/d_ecommerce:backend-fallback.png/MAT_4001341_PCE_LV",
    "available": true,
    "discount": null
  },
  {
    "shop": "RIMI",
    "categories": [
      1,
      1001,
      10010019
    ],
    "productName": "Alkoholiskais dzēr. Imperial XII VS 30% 0,5l",
    "productPriceOld": null,
    "productPrice": {
      "value": 8.69,
      "unit": "€/gab"
    },
    "productPricePerUnit": {
      "value": 17.38,
      "unit": "€/l"
    },
    "productPriceWithLoyaltyCard": null,
    "productPricePerUnitWithLoyaltyCard": null,
    "imageUrl": "https://rimibaltic-res.cloudinary.com/image/upload/d_ecommerce:backend-fallback.png/MAT_7048268_PCE_LV",
    "available": true,
    "discount": null
  },
  {
    "shop": "RIMI",
    "categories": [
      1,
      1001,
      10010019
    ],
    "productName": "Alkoholiskais dzēr. Imperial XII VS 30% 0,5l",
    "productPriceOld": null,
    "productPrice": {
      "value": 8.69,
      "unit": "€/gab"
    },
    "productPricePerUnit": {
      "value": 17.38,
      "unit": "€/l"
    },
    "productPriceWithLoyaltyCard": null,
    "productPricePerUnitWithLoyaltyCard": null,
    "imageUrl": "https://rimibaltic-res.cloudinary.com/image/upload/d_ecommerce:backend-fallback.png/MAT_7048268_PCE_LV",
    "available": true,
    "discount": null
  },
  {
    "shop": "RIMI",
    "categories": [
      1,
      1001,
      10010013
    ],
    "productName": "Liķieris Canari Tiramisu 15% 350ml",
    "productPriceOld": null,
    "productPrice": {
      "value": 6.09,
      "unit": "€/gab"
    },
    "productPricePerUnit": {
      "value": 17.4,
      "unit": "€/l"
    },
    "productPriceWithLoyaltyCard": null,
    "productPricePerUnitWithLoyaltyCard": null,
    "imageUrl": "https://rimibaltic-res.cloudinary.com/image/upload/d_ecommerce:backend-fallback.png/MAT_670428_PCE_LV",
    "available": true,
    "discount": null
  },
  {
    "shop": "RIMI",
    "categories": [
      1,
      1001,
      10010013
    ],
    "productName": "Liķieris Luxardo Aperitivo Spritz 11% 0,7l",
    "productPriceOld": null,
    "productPrice": {
      "value": 12.19,
      "unit": "€/gab"
    },
    "productPricePerUnit": {
      "value": 17.41,
      "unit": "€/l"
    },
    "productPriceWithLoyaltyCard": null,
    "productPricePerUnitWithLoyaltyCard": null,
    "imageUrl": "https://rimibaltic-res.cloudinary.com/image/upload/d_ecommerce:backend-fallback.png/MAT_7189426_PCE_LV",
    "available": true,
    "discount": null
  },
  {
    "shop": "RIMI",
    "categories": [
      1,
      1001,
      10010013
    ],
    "productName": "Liķieris Moka 30% 0,2l",
    "productPriceOld": null,
    "productPrice": {
      "value": 3.49,
      "unit": "€/gab"
    },
    "productPricePerUnit": {
      "value": 17.45,
      "unit": "€/l"
    },
    "productPriceWithLoyaltyCard": null,
    "productPricePerUnitWithLoyaltyCard": null,
    "imageUrl": "https://rimibaltic-res.cloudinary.com/image/upload/d_ecommerce:backend-fallback.png/MAT_152825_PCE_LV",
    "available": true,
    "discount": null
  },
  {
    "shop": "RIMI",
    "categories": [
      1,
      1001,
      10010019
    ],
    "productName": "St. alk. dz. Slavjanka brūk. dzērv. 20% 0,2l",
    "productPriceOld": null,
    "productPrice": {
      "value": 3.49,
      "unit": "€/gab"
    },
    "productPricePerUnit": {
      "value": 17.45,
      "unit": "€/l"
    },
    "productPriceWithLoyaltyCard": null,
    "productPricePerUnitWithLoyaltyCard": null,
    "imageUrl": "https://rimibaltic-res.cloudinary.com/image/upload/d_ecommerce:backend-fallback.png/MAT_7298040_PCE_LV",
    "available": true,
    "discount": null
  },
  {
    "shop": "MAXIMA",
    "categories": [
      1,
      1001,
      1001003
    ],
    "productName": "Vīns TORRES Rioja Ibericos 14% 0,75L",
    "productPriceOld": null,
    "productPrice": {
      "value": 13.09,
      "unit": "€"
    },
    "productPricePerUnit": {
      "value": 17.45,
      "unit": "€/l"
    },
    "productPriceWithLoyaltyCard": null,
    "productPricePerUnitWithLoyaltyCard": null,
    "imageUrl": "https://cdn.barbora.lv/products/b4c140bd-e795-43f3-956c-6fee994f8bc3_s.png",
    "available": true,
    "discount": null
  },
  {
    "shop": "MAXIMA",
    "categories": [
      1,
      1001,
      1001003
    ],
    "productName": "Vīns ZONIN Montep.D'Abruzzo 13% 0,75L",
    "productPriceOld": null,
    "productPrice": {
      "value": 13.09,
      "unit": "€"
    },
    "productPricePerUnit": {
      "value": 17.45,
      "unit": "€/l"
    },
    "productPriceWithLoyaltyCard": null,
    "productPricePerUnitWithLoyaltyCard": null,
    "imageUrl": "https://cdn.barbora.lv/products/04d4d219-c7bb-49be-9203-f6f55568378c_s.png",
    "available": true,
    "discount": null
  },
  {
    "shop": "MAXIMA",
    "categories": [
      1,
      1001,
      10010019
    ],
    "productName": "St.alk.dz. ARSEŅIČ dzērveņu 40% 0,2l",
    "productPriceOld": {
      "value": 5.03,
      "unit": "€"
    },
    "productPrice": {
      "value": 5.03,
      "unit": "€"
    },
    "productPricePerUnit": {
      "value": 25.15,
      "unit": "€/l"
    },
    "productPriceWithLoyaltyCard": {
      "value": 3.49,
      "unit": "€"
    },
    "productPricePerUnitWithLoyaltyCard": {
      "value": 17.45,
      "unit": "€/l"
    },
    "imageUrl": "https://cdn.barbora.lv/products/392a0fac-628b-4532-afc7-786f9bbeb5d6_s.png",
    "available": true,
    "discount": 31
  },
  {
    "shop": "MAXIMA",
    "categories": [
      1,
      1001,
      10010016
    ],
    "productName": "Degvīns BERJOZOVAJA ROŠČA 40% 0,2L",
    "productPriceOld": {
      "value": 4.61,
      "unit": "€"
    },
    "productPrice": {
      "value": 4.61,
      "unit": "€"
    },
    "productPricePerUnit": {
      "value": 23.05,
      "unit": "€/l"
    },
    "productPriceWithLoyaltyCard": {
      "value": 3.49,
      "unit": "€"
    },
    "productPricePerUnitWithLoyaltyCard": {
      "value": 17.45,
      "unit": "€/l"
    },
    "imageUrl": "https://cdn.barbora.lv/products/ec663d87-420c-469c-b7db-612c7e8fc6f1_s.png",
    "available": true,
    "discount": 24
  },
  {
    "shop": "MAXIMA",
    "categories": [
      1,
      1001,
      10010019
    ],
    "productName": "St.alk.dz. ARSEŅIČ smiltsērkšķu 40% 0,2l",
    "productPriceOld": {
      "value": 5.03,
      "unit": "€"
    },
    "productPrice": {
      "value": 5.03,
      "unit": "€"
    },
    "productPricePerUnit": {
      "value": 25.15,
      "unit": "€/l"
    },
    "productPriceWithLoyaltyCard": {
      "value": 3.49,
      "unit": "€"
    },
    "productPricePerUnitWithLoyaltyCard": {
      "value": 17.45,
      "unit": "€/l"
    },
    "imageUrl": "https://cdn.barbora.lv/products/4b654e5d-2956-4333-ad5c-50645e0442ca_s.png",
    "available": true,
    "discount": 31
  },
  {
    "shop": "CITRO",
    "categories": [
      1,
      1001,
      10010016
    ],
    "productName": "DEGVĪNS SPECZAKAZ 40% 0.2L",
    "productPriceOld": {
      "value": 3.79,
      "unit": "€"
    },
    "productPrice": {
      "value": 3.49,
      "unit": "€"
    },
    "productPricePerUnit": {
      "value": 17.45,
      "unit": "€/L"
    },
    "productPriceWithLoyaltyCard": null,
    "productPricePerUnitWithLoyaltyCard": null,
    "imageUrl": "https://rezekne.citro.lv/wp-content/uploads/2021/02/4750036706501-300x300.jpg",
    "available": true,
    "discount": 8
  },
  {
    "shop": "MAXIMA",
    "categories": [
      2,
      2001,
      2001008
    ],
    "productName": "Degvīns 3 GRAUDU 38% 0,7l",
    "productPriceOld": null,
    "productPrice": {
      "value": 12.25,
      "unit": "€"
    },
    "productPricePerUnit": {
      "value": 17.5,
      "unit": "€/l"
    },
    "productPriceWithLoyaltyCard": null,
    "productPricePerUnitWithLoyaltyCard": null,
    "imageUrl": "https://cdn.barbora.lv/products/f3271778-b501-4042-a0f6-1afe8fa641e0_s.png",
    "available": true,
    "discount": null
  },
  {
    "shop": "MAXIMA",
    "categories": [
      1,
      1001,
      1001004
    ],
    "productName": "Dz.v.FREIXENET Elyssia Pin.Noir 12%0,75L",
    "productPriceOld": null,
    "productPrice": {
      "value": 13.14,
      "unit": "€"
    },
    "productPricePerUnit": {
      "value": 17.52,
      "unit": "€/l"
    },
    "productPriceWithLoyaltyCard": null,
    "productPricePerUnitWithLoyaltyCard": null,
    "imageUrl": "https://cdn.barbora.lv/products/20a918fc-10cd-464f-b362-cdfbe7a71873_s.png",
    "available": true,
    "discount": null
  },
  {
    "shop": "MAXIMA",
    "categories": [
      1,
      1001,
      1001004
    ],
    "productName": "Dz.v.FREIXENET Elyssia Gran Cuv.12%0,75L",
    "productPriceOld": null,
    "productPrice": {
      "value": 13.14,
      "unit": "€"
    },
    "productPricePerUnit": {
      "value": 17.52,
      "unit": "€/l"
    },
    "productPriceWithLoyaltyCard": null,
    "productPricePerUnitWithLoyaltyCard": null,
    "imageUrl": "https://cdn.barbora.lv/products/491a47a1-7427-45a8-bca0-113f60a5c3a2_s.png",
    "available": true,
    "discount": null
  },
  {
    "shop": "MAXIMA",
    "categories": [
      1,
      1001,
      1001003
    ],
    "productName": "Vīns ZONIN Clas.Prim.Puglia 13,5% 0,75L",
    "productPriceOld": null,
    "productPrice": {
      "value": 13.15,
      "unit": "€"
    },
    "productPricePerUnit": {
      "value": 17.53,
      "unit": "€/l"
    },
    "productPriceWithLoyaltyCard": null,
    "productPricePerUnitWithLoyaltyCard": null,
    "imageUrl": "https://cdn.barbora.lv/products/849a6242-f25f-43dd-9071-c5655d3347cb_s.png",
    "available": true,
    "discount": null
  },
  {
    "shop": "MAXIMA",
    "categories": [
      1,
      1001,
      10010013
    ],
    "productName": "Liķieris DALKOWSKI ADVOCAAT 15% 0,35L",
    "productPriceOld": null,
    "productPrice": {
      "value": 6.14,
      "unit": "€"
    },
    "productPricePerUnit": {
      "value": 17.54,
      "unit": "€/l"
    },
    "productPriceWithLoyaltyCard": null,
    "productPricePerUnitWithLoyaltyCard": null,
    "imageUrl": "https://cdn.barbora.lv/products/a233399e-6634-4521-a892-d982fbcfdf10_s.png",
    "available": true,
    "discount": null
  },
  {
    "shop": "MAXIMA",
    "categories": [
      1,
      1001,
      1001004
    ],
    "productName": "Dz.v. LUNA Argenta Prosecco Tr.11% 0,75L",
    "productPriceOld": null,
    "productPrice": {
      "value": 13.16,
      "unit": "€"
    },
    "productPricePerUnit": {
      "value": 17.55,
      "unit": "€/l"
    },
    "productPriceWithLoyaltyCard": null,
    "productPricePerUnitWithLoyaltyCard": null,
    "imageUrl": "https://cdn.barbora.lv/products/a3c29b25-3a56-4fb6-843e-9ee60614d5f1_s.png",
    "available": true,
    "discount": null
  },
  {
    "shop": "RIMI",
    "categories": [
      1,
      1001,
      1001003
    ],
    "productName": "S.v. J.P. Chenet Moelleux Rouge 13% 0,25l",
    "productPriceOld": null,
    "productPrice": {
      "value": 4.39,
      "unit": "€/gab"
    },
    "productPricePerUnit": {
      "value": 17.56,
      "unit": "€/l"
    },
    "productPriceWithLoyaltyCard": null,
    "productPricePerUnitWithLoyaltyCard": null,
    "imageUrl": "https://rimibaltic-res.cloudinary.com/image/upload/d_ecommerce:backend-fallback.png/MAT_134749_PCE_LV",
    "available": true,
    "discount": null
  },
  {
    "shop": "RIMI",
    "categories": [
      1,
      1001,
      1001003
    ],
    "productName": "B.v. J.P.Chenet Moelleux Bl. 12% 0,25L",
    "productPriceOld": null,
    "productPrice": {
      "value": 4.39,
      "unit": "€/gab"
    },
    "productPricePerUnit": {
      "value": 17.56,
      "unit": "€/l"
    },
    "productPriceWithLoyaltyCard": null,
    "productPricePerUnitWithLoyaltyCard": null,
    "imageUrl": "https://rimibaltic-res.cloudinary.com/image/upload/d_ecommerce:backend-fallback.png/MAT_134750_PCE_LV",
    "available": true,
    "discount": null
  },
  {
    "shop": "RIMI",
    "categories": [
      1,
      1001,
      1001003
    ],
    "productName": "B.v. J.P.Chenet Moelleux Bl. 12% 0,25L",
    "productPriceOld": null,
    "productPrice": {
      "value": 4.39,
      "unit": "€/gab"
    },
    "productPricePerUnit": {
      "value": 17.56,
      "unit": "€/l"
    },
    "productPriceWithLoyaltyCard": null,
    "productPricePerUnitWithLoyaltyCard": null,
    "imageUrl": "https://rimibaltic-res.cloudinary.com/image/upload/d_ecommerce:backend-fallback.png/MAT_134750_PCE_LV",
    "available": true,
    "discount": null
  },
  {
    "shop": "MAXIMA",
    "categories": [
      1,
      1001,
      1001003
    ],
    "productName": "Dzirkstošais vīns MARTINI Prosecco 11,5%0,75L",
    "productPriceOld": null,
    "productPrice": {
      "value": 13.17,
      "unit": "€"
    },
    "productPricePerUnit": {
      "value": 17.56,
      "unit": "€/l"
    },
    "productPriceWithLoyaltyCard": null,
    "productPricePerUnitWithLoyaltyCard": null,
    "imageUrl": "https://cdn.barbora.lv/products/691dd2ec-e55e-45a5-b8ea-b0307c963c00_s.png",
    "available": true,
    "discount": null
  },
  {
    "shop": "MAXIMA",
    "categories": [
      1,
      1001,
      1001003
    ],
    "productName": "Dzirkstošais vīns MARTINI Prosecco Rose 11,5%0,75L",
    "productPriceOld": null,
    "productPrice": {
      "value": 13.17,
      "unit": "€"
    },
    "productPricePerUnit": {
      "value": 17.56,
      "unit": "€/l"
    },
    "productPriceWithLoyaltyCard": null,
    "productPricePerUnitWithLoyaltyCard": null,
    "imageUrl": "https://cdn.barbora.lv/products/8beb40a9-29d2-4bfb-8fef-27cce6496d8c_s.png",
    "available": true,
    "discount": null
  },
  {
    "shop": "MAXIMA",
    "categories": [
      1,
      1001,
      1001009
    ],
    "productName": "Viskijs HIGH COMMISSIONER 40% 0,7L",
    "productPriceOld": {
      "value": 17.75,
      "unit": "€"
    },
    "productPrice": {
      "value": 17.75,
      "unit": "€"
    },
    "productPricePerUnit": {
      "value": 25.36,
      "unit": "€/l"
    },
    "productPriceWithLoyaltyCard": {
      "value": 12.29,
      "unit": "€"
    },
    "productPricePerUnitWithLoyaltyCard": {
      "value": 17.56,
      "unit": "€/l"
    },
    "imageUrl": "https://cdn.barbora.lv/products/00597bca-1cf2-43fb-afdd-f01f92ebdee8_s.png",
    "available": true,
    "discount": 31
  },
  {
    "shop": "RIMI",
    "categories": [
      2,
      2001,
      20010015
    ],
    "productName": "Groziņi Rimi ar iebiezinātā piena krēmu 210g",
    "productPriceOld": null,
    "productPrice": {
      "value": 3.69,
      "unit": "€/gab"
    },
    "productPricePerUnit": {
      "value": 17.57,
      "unit": "€/kg"
    },
    "productPriceWithLoyaltyCard": null,
    "productPricePerUnitWithLoyaltyCard": null,
    "imageUrl": "https://rimibaltic-res.cloudinary.com/image/upload/d_ecommerce:backend-fallback.png/MAT_806811_PCE_LV",
    "available": true,
    "discount": null
  },
  {
    "shop": "MAXIMA",
    "categories": [
      1,
      1001,
      10010016
    ],
    "productName": "Degvīns PŠEŅIČNAJA 40% 0,5L",
    "productPriceOld": null,
    "productPrice": {
      "value": 8.79,
      "unit": "€"
    },
    "productPricePerUnit": {
      "value": 17.58,
      "unit": "€/l"
    },
    "productPriceWithLoyaltyCard": null,
    "productPricePerUnitWithLoyaltyCard": null,
    "imageUrl": "https://cdn.barbora.lv/products/12f890e8-8a0c-446b-98d9-65bfca06f205_s.png",
    "available": true,
    "discount": null
  },
  {
    "shop": "MAXIMA",
    "categories": [
      1,
      1001,
      10010016
    ],
    "productName": "Degvīns PŠEŅIČNAJA BĒRZU 38% 0,5L",
    "productPriceOld": null,
    "productPrice": {
      "value": 8.79,
      "unit": "€"
    },
    "productPricePerUnit": {
      "value": 17.58,
      "unit": "€/l"
    },
    "productPriceWithLoyaltyCard": null,
    "productPricePerUnitWithLoyaltyCard": null,
    "imageUrl": "https://cdn.barbora.lv/products/9126d398-166c-4f44-8ba0-03de79c40ad4_s.png",
    "available": true,
    "discount": null
  },
  {
    "shop": "CITRO",
    "categories": [
      1,
      1001,
      10010016
    ],
    "productName": "DEGVĪNS VODOČKA 38% 0.5L",
    "productPriceOld": null,
    "productPrice": null,
    "productPricePerUnit": {
      "value": 17.58,
      "unit": "€/L"
    },
    "productPriceWithLoyaltyCard": null,
    "productPricePerUnitWithLoyaltyCard": null,
    "imageUrl": "https://rezekne.citro.lv/wp-content/uploads/2021/02/4750036000128-300x300.jpg",
    "available": true,
    "discount": null
  },
  {
    "shop": "RIMI",
    "categories": [
      2,
      2001,
      20010014
    ],
    "productName": "Sausmaizītes Better ar jūras sāli 170g",
    "productPriceOld": null,
    "productPrice": {
      "value": 2.99,
      "unit": "€/gab"
    },
    "productPricePerUnit": {
      "value": 17.59,
      "unit": "€/kg"
    },
    "productPriceWithLoyaltyCard": null,
    "productPricePerUnitWithLoyaltyCard": null,
    "imageUrl": "https://rimibaltic-res.cloudinary.com/image/upload/d_ecommerce:backend-fallback.png/MAT_1002515_PCE_LV",
    "available": true,
    "discount": null
  },
  {
    "shop": "RIMI",
    "categories": [
      2,
      2001,
      20010014
    ],
    "productName": "Sausmaizītes Better tomātu un čili 170g",
    "productPriceOld": null,
    "productPrice": {
      "value": 2.99,
      "unit": "€/gab"
    },
    "productPricePerUnit": {
      "value": 17.59,
      "unit": "€/kg"
    },
    "productPriceWithLoyaltyCard": null,
    "productPricePerUnitWithLoyaltyCard": null,
    "imageUrl": "https://rimibaltic-res.cloudinary.com/image/upload/d_ecommerce:backend-fallback.png/MAT_979143_PCE_LV",
    "available": true,
    "discount": null
  },
  {
    "shop": "MAXIMA",
    "categories": [
      1,
      1001,
      1001003
    ],
    "productName": "Vīns CARMEN PREMIER CARMENERE 13% 0,75L",
    "productPriceOld": null,
    "productPrice": {
      "value": 13.19,
      "unit": "€"
    },
    "productPricePerUnit": {
      "value": 17.59,
      "unit": "€/l"
    },
    "productPriceWithLoyaltyCard": null,
    "productPricePerUnitWithLoyaltyCard": null,
    "imageUrl": "https://cdn.barbora.lv/products/2ee6219e-d31c-499c-82ff-f1648cce981d_s.png",
    "available": true,
    "discount": null
  },
  {
    "shop": "MAXIMA",
    "categories": [
      1,
      1001,
      1001003
    ],
    "productName": "Vīns BACKWOODS Zinfandel Reserve 14%0,75L",
    "productPriceOld": null,
    "productPrice": {
      "value": 13.19,
      "unit": "€"
    },
    "productPricePerUnit": {
      "value": 17.59,
      "unit": "€/l"
    },
    "productPriceWithLoyaltyCard": null,
    "productPricePerUnitWithLoyaltyCard": null,
    "imageUrl": "https://cdn.barbora.lv/products/bde20428-1e8e-406c-8370-833e7519d145_s.png",
    "available": true,
    "discount": null
  },
  {
    "shop": "MAXIMA",
    "categories": [
      1,
      1001,
      1001003
    ],
    "productName": "Vīns CARMEN PREMIER CAB.SAUV.14% 0,75L",
    "productPriceOld": null,
    "productPrice": {
      "value": 13.19,
      "unit": "€"
    },
    "productPricePerUnit": {
      "value": 17.59,
      "unit": "€/l"
    },
    "productPriceWithLoyaltyCard": null,
    "productPricePerUnitWithLoyaltyCard": null,
    "imageUrl": "https://cdn.barbora.lv/products/4e2971a4-cd0f-49f1-924c-1f8937209bde_s.png",
    "available": true,
    "discount": null
  },
  {
    "shop": "MAXIMA",
    "categories": [
      2,
      2001,
      20010014
    ],
    "productName": "Sausmaizītes Better ar rozmarīnu 170g",
    "productPriceOld": null,
    "productPrice": {
      "value": 2.99,
      "unit": "€"
    },
    "productPricePerUnit": {
      "value": 17.59,
      "unit": "€/kg"
    },
    "productPriceWithLoyaltyCard": null,
    "productPricePerUnitWithLoyaltyCard": null,
    "imageUrl": "https://cdn.barbora.lv/products/9718de4c-ea5b-463b-8876-3653217e432a_s.png",
    "available": true,
    "discount": null
  },
  {
    "shop": "MAXIMA",
    "categories": [
      2,
      2001,
      20010014
    ],
    "productName": "Sausmaizītes BETTER tomāts un čili 170g",
    "productPriceOld": null,
    "productPrice": {
      "value": 2.99,
      "unit": "€"
    },
    "productPricePerUnit": {
      "value": 17.59,
      "unit": "€/kg"
    },
    "productPriceWithLoyaltyCard": null,
    "productPricePerUnitWithLoyaltyCard": null,
    "imageUrl": "https://cdn.barbora.lv/products/5246f126-8b4d-4b1d-97d7-a09251e49294_s.png",
    "available": true,
    "discount": null
  },
  {
    "shop": "MAXIMA",
    "categories": [
      2,
      2001,
      20010014
    ],
    "productName": "Sausmaizītes Better ar jūras sāli 170g",
    "productPriceOld": null,
    "productPrice": {
      "value": 2.99,
      "unit": "€"
    },
    "productPricePerUnit": {
      "value": 17.59,
      "unit": "€/kg"
    },
    "productPriceWithLoyaltyCard": null,
    "productPricePerUnitWithLoyaltyCard": null,
    "imageUrl": "https://cdn.barbora.lv/products/5568b91f-fcf3-45f7-bd56-41b94d693e5b_s.png",
    "available": true,
    "discount": null
  },
  {
    "shop": "MAXIMA",
    "categories": [
      2,
      2001,
      2001004
    ],
    "productName": "Degvīns RUDZU 40% 0,5l",
    "productPriceOld": null,
    "productPrice": {
      "value": 8.81,
      "unit": "€"
    },
    "productPricePerUnit": {
      "value": 17.62,
      "unit": "€/l"
    },
    "productPriceWithLoyaltyCard": null,
    "productPricePerUnitWithLoyaltyCard": null,
    "imageUrl": "https://cdn.barbora.lv/products/eebb6970-e1c4-41bf-9ab2-9aac106e3414_s.png",
    "available": true,
    "discount": null
  },
  {
    "shop": "RIMI",
    "categories": [
      2,
      2004
    ],
    "productName": "Kruasāni Milky Way 4gab. 192g",
    "productPriceOld": null,
    "productPrice": {
      "value": 3.39,
      "unit": "€/gab"
    },
    "productPricePerUnit": {
      "value": 17.66,
      "unit": "€/kg"
    },
    "productPriceWithLoyaltyCard": null,
    "productPricePerUnitWithLoyaltyCard": null,
    "imageUrl": "https://rimibaltic-res.cloudinary.com/image/upload/d_ecommerce:backend-fallback.png/MAT_4005192_PCE_LV",
    "available": true,
    "discount": null
  },
  {
    "shop": "RIMI",
    "categories": [
      2,
      2004
    ],
    "productName": "Kruasāni Mars 4gab. 192g",
    "productPriceOld": null,
    "productPrice": {
      "value": 3.39,
      "unit": "€/gab"
    },
    "productPricePerUnit": {
      "value": 17.66,
      "unit": "€/kg"
    },
    "productPriceWithLoyaltyCard": null,
    "productPricePerUnitWithLoyaltyCard": null,
    "imageUrl": "https://rimibaltic-res.cloudinary.com/image/upload/d_ecommerce:backend-fallback.png/MAT_4005191_PCE_LV",
    "available": true,
    "discount": null
  },
  {
    "shop": "RIMI",
    "categories": [
      1,
      1001,
      1001004
    ],
    "productName": "Dz. v. Gran Sativa Cava 11,5% 0,75l",
    "productPriceOld": null,
    "productPrice": {
      "value": 13.25,
      "unit": "€/gab"
    },
    "productPricePerUnit": {
      "value": 17.67,
      "unit": "€/l"
    },
    "productPriceWithLoyaltyCard": null,
    "productPricePerUnitWithLoyaltyCard": null,
    "imageUrl": "https://rimibaltic-res.cloudinary.com/image/upload/d_ecommerce:backend-fallback.png/MAT_7221077_PCE_LV",
    "available": true,
    "discount": null
  },
  {
    "shop": "RIMI",
    "categories": [
      1,
      1001,
      1001003
    ],
    "productName": "S.v. Adati Saperavi 14% 0,75l",
    "productPriceOld": null,
    "productPrice": {
      "value": 13.25,
      "unit": "€/gab"
    },
    "productPricePerUnit": {
      "value": 17.67,
      "unit": "€/l"
    },
    "productPriceWithLoyaltyCard": null,
    "productPricePerUnitWithLoyaltyCard": null,
    "imageUrl": "https://rimibaltic-res.cloudinary.com/image/upload/d_ecommerce:backend-fallback.png/MAT_7086401_PCE_LV",
    "available": true,
    "discount": null
  },
  {
    "shop": "RIMI",
    "categories": [
      1,
      1001,
      1001003
    ],
    "productName": "Dz. rozā v. Gran Sativa Cava Brut 11,5% 0,75l",
    "productPriceOld": null,
    "productPrice": {
      "value": 13.25,
      "unit": "€/gab"
    },
    "productPricePerUnit": {
      "value": 17.67,
      "unit": "€/l"
    },
    "productPriceWithLoyaltyCard": null,
    "productPricePerUnitWithLoyaltyCard": null,
    "imageUrl": "https://rimibaltic-res.cloudinary.com/image/upload/d_ecommerce:backend-fallback.png/MAT_7285423_PCE_LV",
    "available": true,
    "discount": null
  },
  {
    "shop": "RIMI",
    "categories": [
      1,
      1001,
      1001004
    ],
    "productName": "Dz.v. Faber Riesling Extra Dry 12% 0,75l",
    "productPriceOld": null,
    "productPrice": {
      "value": 13.25,
      "unit": "€/gab"
    },
    "productPricePerUnit": {
      "value": 17.67,
      "unit": "€/l"
    },
    "productPriceWithLoyaltyCard": null,
    "productPricePerUnitWithLoyaltyCard": null,
    "imageUrl": "https://rimibaltic-res.cloudinary.com/image/upload/d_ecommerce:backend-fallback.png/MAT_7252072_PCE_LV",
    "available": true,
    "discount": null
  },
  {
    "shop": "RIMI",
    "categories": [
      1,
      1001,
      1001003
    ],
    "productName": "S.v. F. Paternina Rioja Res. 14% 0,75l",
    "productPriceOld": null,
    "productPrice": {
      "value": 13.25,
      "unit": "€/gab"
    },
    "productPricePerUnit": {
      "value": 17.67,
      "unit": "€/l"
    },
    "productPriceWithLoyaltyCard": null,
    "productPricePerUnitWithLoyaltyCard": null,
    "imageUrl": "https://rimibaltic-res.cloudinary.com/image/upload/d_ecommerce:backend-fallback.png/MAT_589651_PCE_LV",
    "available": true,
    "discount": null
  },
  {
    "shop": "RIMI",
    "categories": [
      1,
      1001,
      1001003
    ],
    "productName": "S.v. Bessarabian Province 13,5% 0,75l",
    "productPriceOld": null,
    "productPrice": {
      "value": 13.25,
      "unit": "€/gab"
    },
    "productPricePerUnit": {
      "value": 17.67,
      "unit": "€/l"
    },
    "productPriceWithLoyaltyCard": null,
    "productPricePerUnitWithLoyaltyCard": null,
    "imageUrl": "https://rimibaltic-res.cloudinary.com/image/upload/d_ecommerce:backend-fallback.png/MAT_7252205_PCE_LV",
    "available": true,
    "discount": null
  },
  {
    "shop": "MAXIMA",
    "categories": [
      1,
      1001,
      1001003
    ],
    "productName": "Vīns GALAN Chardonnay 13,5% 0,75L",
    "productPriceOld": null,
    "productPrice": {
      "value": 13.25,
      "unit": "€"
    },
    "productPricePerUnit": {
      "value": 17.67,
      "unit": "€/l"
    },
    "productPriceWithLoyaltyCard": null,
    "productPricePerUnitWithLoyaltyCard": null,
    "imageUrl": "https://cdn.barbora.lv/products/8269c03a-7a18-43ca-a069-77248710ecf3_s.png",
    "available": true,
    "discount": null
  },
  {
    "shop": "RIMI",
    "categories": [
      1,
      1001,
      10010019
    ],
    "productName": "Stiprs alkohol. dzēriens Bonaparte 38% 0,7l",
    "productPriceOld": null,
    "productPrice": {
      "value": 12.39,
      "unit": "€/gab"
    },
    "productPricePerUnit": {
      "value": 17.7,
      "unit": "€/l"
    },
    "productPriceWithLoyaltyCard": null,
    "productPricePerUnitWithLoyaltyCard": null,
    "imageUrl": "https://rimibaltic-res.cloudinary.com/image/upload/d_ecommerce:backend-fallback.png/MAT_460026_PCE_LV",
    "available": true,
    "discount": null
  },
  {
    "shop": "RIMI",
    "categories": [
      1,
      1001,
      1001003
    ],
    "productName": "S.v. Adati Pirosmani 11,5% 0,75l",
    "productPriceOld": null,
    "productPrice": {
      "value": 13.29,
      "unit": "€/gab"
    },
    "productPricePerUnit": {
      "value": 17.72,
      "unit": "€/l"
    },
    "productPriceWithLoyaltyCard": null,
    "productPricePerUnitWithLoyaltyCard": null,
    "imageUrl": "https://rimibaltic-res.cloudinary.com/image/upload/d_ecommerce:backend-fallback.png/MAT_7086402_PCE_LV",
    "available": true,
    "discount": null
  },
  {
    "shop": "RIMI",
    "categories": [
      1,
      1001,
      1001003
    ],
    "productName": "R.v. Leon Perdigal Rosé Côtes 13% 0,75l",
    "productPriceOld": null,
    "productPrice": {
      "value": 13.29,
      "unit": "€/gab"
    },
    "productPricePerUnit": {
      "value": 17.72,
      "unit": "€/l"
    },
    "productPriceWithLoyaltyCard": null,
    "productPricePerUnitWithLoyaltyCard": null,
    "imageUrl": "https://rimibaltic-res.cloudinary.com/image/upload/d_ecommerce:backend-fallback.png/MAT_7220710_PCE_LV",
    "available": true,
    "discount": null
  },
  {
    "shop": "MAXIMA",
    "categories": [
      1,
      1001,
      1001003
    ],
    "productName": "Vīns CODICI PRIMITIVO PUGLIA 13,5%0,75L",
    "productPriceOld": null,
    "productPrice": {
      "value": 13.29,
      "unit": "€"
    },
    "productPricePerUnit": {
      "value": 17.72,
      "unit": "€/l"
    },
    "productPriceWithLoyaltyCard": null,
    "productPricePerUnitWithLoyaltyCard": null,
    "imageUrl": "https://cdn.barbora.lv/products/fd96836e-8736-46dc-a412-44647ac6495b_s.png",
    "available": true,
    "discount": null
  },
  {
    "shop": "MAXIMA",
    "categories": [
      1,
      1001,
      1001003
    ],
    "productName": "Dzirkstošais vīns VALDO DOC Prosecco Rose 11%0,75L",
    "productPriceOld": null,
    "productPrice": {
      "value": 13.29,
      "unit": "€"
    },
    "productPricePerUnit": {
      "value": 17.72,
      "unit": "€/l"
    },
    "productPriceWithLoyaltyCard": null,
    "productPricePerUnitWithLoyaltyCard": null,
    "imageUrl": "https://cdn.barbora.lv/products/481183d5-af73-43e1-be55-53add866e0a2_s.png",
    "available": true,
    "discount": null
  },
  {
    "shop": "MAXIMA",
    "categories": [
      1,
      1001,
      1001003
    ],
    "productName": "Vīns LOCATOUR Creamy Chardon.14,5% 0,75L",
    "productPriceOld": null,
    "productPrice": {
      "value": 13.29,
      "unit": "€"
    },
    "productPricePerUnit": {
      "value": 17.72,
      "unit": "€/l"
    },
    "productPriceWithLoyaltyCard": null,
    "productPricePerUnitWithLoyaltyCard": null,
    "imageUrl": "https://cdn.barbora.lv/products/cf9bbbbd-da96-461f-8acf-3138c63e9ea0_s.png",
    "available": true,
    "discount": null
  },
  {
    "shop": "MAXIMA",
    "categories": [
      1,
      1001,
      1001003
    ],
    "productName": "Vīns LOCATOUR Zinfandel 13,5% 0,75L",
    "productPriceOld": null,
    "productPrice": {
      "value": 13.29,
      "unit": "€"
    },
    "productPricePerUnit": {
      "value": 17.72,
      "unit": "€/l"
    },
    "productPriceWithLoyaltyCard": null,
    "productPricePerUnitWithLoyaltyCard": null,
    "imageUrl": "https://cdn.barbora.lv/products/c0358418-2db1-4728-b1b8-cf2b59221a0f_s.png",
    "available": true,
    "discount": null
  },
  {
    "shop": "RIMI",
    "categories": [
      1,
      1001,
      1001003
    ],
    "productName": "Baltvīns Zonin Pinot Grigio DOC 12% 0,75l",
    "productPriceOld": null,
    "productPrice": {
      "value": 13.35,
      "unit": "€/gab"
    },
    "productPricePerUnit": {
      "value": 17.8,
      "unit": "€/l"
    },
    "productPriceWithLoyaltyCard": null,
    "productPricePerUnitWithLoyaltyCard": null,
    "imageUrl": "https://rimibaltic-res.cloudinary.com/image/upload/d_ecommerce:backend-fallback.png/MAT_152861_PCE_LV",
    "available": true,
    "discount": null
  },
  {
    "shop": "RIMI",
    "categories": [
      1,
      1001,
      1001003
    ],
    "productName": "Sarkanvīns Zonin Primitivo Puglia 13,5% 0,75l",
    "productPriceOld": null,
    "productPrice": {
      "value": 13.35,
      "unit": "€/gab"
    },
    "productPricePerUnit": {
      "value": 17.8,
      "unit": "€/l"
    },
    "productPriceWithLoyaltyCard": null,
    "productPricePerUnitWithLoyaltyCard": null,
    "imageUrl": "https://rimibaltic-res.cloudinary.com/image/upload/d_ecommerce:backend-fallback.png/MAT_7266942_PCE_LV",
    "available": true,
    "discount": null
  },
  {
    "shop": "MAXIMA",
    "categories": [
      1,
      1001,
      1001003
    ],
    "productName": "Vīns GRAN APPASSO PUGLIA IGT 14,5% 0,75L",
    "productPriceOld": null,
    "productPrice": {
      "value": 13.35,
      "unit": "€"
    },
    "productPricePerUnit": {
      "value": 17.8,
      "unit": "€/l"
    },
    "productPriceWithLoyaltyCard": null,
    "productPricePerUnitWithLoyaltyCard": null,
    "imageUrl": "https://cdn.barbora.lv/products/14067edb-c0d6-4373-859e-acebe1120b8d_s.png",
    "available": true,
    "discount": null
  },
  {
    "shop": "MAXIMA",
    "categories": [
      1,
      1001,
      1001003
    ],
    "productName": "Vīns GRAN APPASSO Puglia Rose 12,5%0,75L",
    "productPriceOld": null,
    "productPrice": {
      "value": 13.35,
      "unit": "€"
    },
    "productPricePerUnit": {
      "value": 17.8,
      "unit": "€/l"
    },
    "productPriceWithLoyaltyCard": null,
    "productPricePerUnitWithLoyaltyCard": null,
    "imageUrl": "https://cdn.barbora.lv/products/54b60358-f921-4748-8821-9142c04284e7_s.png",
    "available": true,
    "discount": null
  },
  {
    "shop": "MAXIMA",
    "categories": [
      1,
      1001,
      1001003
    ],
    "productName": "Vīns SENDERO ROYAL TEMP.TINTO 14% 0,75L",
    "productPriceOld": null,
    "productPrice": {
      "value": 13.35,
      "unit": "€"
    },
    "productPricePerUnit": {
      "value": 17.8,
      "unit": "€/l"
    },
    "productPriceWithLoyaltyCard": null,
    "productPricePerUnitWithLoyaltyCard": null,
    "imageUrl": "https://cdn.barbora.lv/products/5561abb1-7e12-45f4-8a61-e2693bdbaebf_s.png",
    "available": true,
    "discount": null
  },
  {
    "shop": "MAXIMA",
    "categories": [
      1,
      1001,
      1001003
    ],
    "productName": "Vīns GRAN APPASSO Chardonnay 13% 0,75L",
    "productPriceOld": null,
    "productPrice": {
      "value": 13.35,
      "unit": "€"
    },
    "productPricePerUnit": {
      "value": 17.8,
      "unit": "€/l"
    },
    "productPriceWithLoyaltyCard": null,
    "productPricePerUnitWithLoyaltyCard": null,
    "imageUrl": "https://cdn.barbora.lv/products/df9cfe3e-86f6-4297-9a65-eedfa5f08ccb_s.png",
    "available": true,
    "discount": null
  },
  {
    "shop": "MAXIMA",
    "categories": [
      1,
      1001,
      10010019
    ],
    "productName": "Stipr.alk.dzēriens SAMTS 32% 0,2l",
    "productPriceOld": null,
    "productPrice": {
      "value": 3.56,
      "unit": "€"
    },
    "productPricePerUnit": {
      "value": 17.8,
      "unit": "€/l"
    },
    "productPriceWithLoyaltyCard": null,
    "productPricePerUnitWithLoyaltyCard": null,
    "imageUrl": "https://cdn.barbora.lv/products/2ecd6671-ea6f-4c21-8964-b59b59757906_s.png",
    "available": true,
    "discount": null
  },
  {
    "shop": "RIMI",
    "categories": [
      2,
      2005
    ],
    "productName": "Siera kūka Staburadze zemeņu 700g",
    "productPriceOld": null,
    "productPrice": {
      "value": 12.49,
      "unit": "€/gab"
    },
    "productPricePerUnit": {
      "value": 17.84,
      "unit": "€/kg"
    },
    "productPriceWithLoyaltyCard": null,
    "productPricePerUnitWithLoyaltyCard": null,
    "imageUrl": "https://rimibaltic-res.cloudinary.com/image/upload/d_ecommerce:backend-fallback.png/MAT_980832_PCE_LV",
    "available": true,
    "discount": null
  },
  {
    "shop": "MAXIMA",
    "categories": [
      1,
      1001,
      10010019
    ],
    "productName": "Stip.alk.dz.CAPTAIN MORGAN SPIC.35% 0,7l",
    "productPriceOld": null,
    "productPrice": {
      "value": 12.49,
      "unit": "€"
    },
    "productPricePerUnit": {
      "value": 17.84,
      "unit": "€/l"
    },
    "productPriceWithLoyaltyCard": null,
    "productPricePerUnitWithLoyaltyCard": null,
    "imageUrl": "https://cdn.barbora.lv/products/2f422729-946c-49e1-82cf-26dbbb07008d_s.png",
    "available": true,
    "discount": null
  },
  {
    "shop": "MAXIMA",
    "categories": [
      1,
      1001,
      10010016
    ],
    "productName": "Degvīns DANZKA VODKA 40% 0,7L",
    "productPriceOld": {
      "value": 18.78,
      "unit": "€"
    },
    "productPrice": {
      "value": 18.78,
      "unit": "€"
    },
    "productPricePerUnit": {
      "value": 26.83,
      "unit": "€/l"
    },
    "productPriceWithLoyaltyCard": {
      "value": 12.49,
      "unit": "€"
    },
    "productPricePerUnitWithLoyaltyCard": {
      "value": 17.84,
      "unit": "€/l"
    },
    "imageUrl": "https://cdn.barbora.lv/products/554773ed-99c7-49ed-9b67-9b9fba1e7faf_s.png",
    "available": true,
    "discount": 33
  },
  {
    "shop": "MAXIMA",
    "categories": [
      1,
      1001,
      10010016
    ],
    "productName": "Degvīns DANZKA Currant 40% 0,7L",
    "productPriceOld": {
      "value": 18.78,
      "unit": "€"
    },
    "productPrice": {
      "value": 18.78,
      "unit": "€"
    },
    "productPricePerUnit": {
      "value": 26.83,
      "unit": "€/l"
    },
    "productPriceWithLoyaltyCard": {
      "value": 12.49,
      "unit": "€"
    },
    "productPricePerUnitWithLoyaltyCard": {
      "value": 17.84,
      "unit": "€/l"
    },
    "imageUrl": "https://cdn.barbora.lv/products/990f8a2a-9631-41d3-bcab-c2902a895e0f_s.png",
    "available": true,
    "discount": 33
  },
  {
    "shop": "RIMI",
    "categories": [
      1,
      1001,
      1001003
    ],
    "productName": "Baltvīns Stony Ocean Sauv. Blanc 12,5% 0,75l",
    "productPriceOld": null,
    "productPrice": {
      "value": 13.39,
      "unit": "€/gab"
    },
    "productPricePerUnit": {
      "value": 17.85,
      "unit": "€/l"
    },
    "productPriceWithLoyaltyCard": null,
    "productPricePerUnitWithLoyaltyCard": null,
    "imageUrl": "https://rimibaltic-res.cloudinary.com/image/upload/d_ecommerce:backend-fallback.png/MAT_7236530_PCE_LV",
    "available": true,
    "discount": null
  },
  {
    "shop": "MAXIMA",
    "categories": [
      1,
      1001,
      1001003
    ],
    "productName": "Dzirkstošais vīns LA GIOIOSA ROSEA BRUT 11% 0,75L",
    "productPriceOld": null,
    "productPrice": {
      "value": 13.39,
      "unit": "€"
    },
    "productPricePerUnit": {
      "value": 17.85,
      "unit": "€/l"
    },
    "productPriceWithLoyaltyCard": null,
    "productPricePerUnitWithLoyaltyCard": null,
    "imageUrl": "https://cdn.barbora.lv/products/acdbbb33-a038-40ca-b852-06ab5a93b8c7_s.png",
    "available": true,
    "discount": null
  },
  {
    "shop": "MAXIMA",
    "categories": [
      1,
      1001,
      1001003
    ],
    "productName": "Vīns A. HONORO V.GARNACHA C.14,5% 0,75L",
    "productPriceOld": null,
    "productPrice": {
      "value": 13.39,
      "unit": "€"
    },
    "productPricePerUnit": {
      "value": 17.85,
      "unit": "€/l"
    },
    "productPriceWithLoyaltyCard": null,
    "productPricePerUnitWithLoyaltyCard": null,
    "imageUrl": "https://cdn.barbora.lv/products/5e7b2e3a-547d-40c9-a442-df109656e052_s.png",
    "available": true,
    "discount": null
  },
  {
    "shop": "MAXIMA",
    "categories": [
      2,
      2001,
      20010015
    ],
    "productName": "Groziņi Zefīra MEISTARA MARKA 2x50g",
    "productPriceOld": null,
    "productPrice": {
      "value": 1.79,
      "unit": "€"
    },
    "productPricePerUnit": {
      "value": 17.9,
      "unit": "€/kg"
    },
    "productPriceWithLoyaltyCard": null,
    "productPricePerUnitWithLoyaltyCard": null,
    "imageUrl": "https://cdn.barbora.lv/products/bcc75bc1-1f6f-4e7f-b6f9-5c00496243f9_s.png",
    "available": true,
    "discount": null
  },
  {
    "shop": "CITRO",
    "productName": "MAIZES ČIPSI AR KRĒJUMA GARŠU UN LOKIEM BON CHANCE 120G",
    "productPriceOld": null,
    "productPrice": null,
    "productPricePerUnit": {
      "value": 17.92,
      "unit": "€/KG"
    },
    "productPriceWithLoyaltyCard": null,
    "productPricePerUnitWithLoyaltyCard": null,
    "imageUrl": "https://rezekne.citro.lv/wp-content/uploads/2020/12/4770350142120-300x300.jpg",
    "available": true,
    "discount": null,
    "categories": [
      2,
      2001,
      20010015
    ]
  },
  {
    "shop": "CITRO",
    "categories": [
      2,
      2001,
      20010014
    ],
    "productName": "BON CHANCE SAUSMAIZĪTES AR SIERA UN ĶIPLOKU GARŠU 120G",
    "productPriceOld": null,
    "productPrice": null,
    "productPricePerUnit": {
      "value": 17.92,
      "unit": "€/KG"
    },
    "productPriceWithLoyaltyCard": null,
    "productPricePerUnitWithLoyaltyCard": null,
    "imageUrl": "https://rezekne.citro.lv/wp-content/uploads/2020/12/4770350141505-300x300.jpg",
    "available": true,
    "discount": null
  },
  {
    "shop": "CITRO",
    "categories": [
      2,
      2001,
      2001006
    ],
    "productName": "RUPJMAIZES ČIPSI BON CHANCE AR TRĪSKĀRŠU SIERU GARŠU 120G",
    "productPriceOld": null,
    "productPrice": null,
    "productPricePerUnit": {
      "value": 17.92,
      "unit": "€/KG"
    },
    "productPriceWithLoyaltyCard": null,
    "productPricePerUnitWithLoyaltyCard": null,
    "imageUrl": "https://rezekne.citro.lv/wp-content/uploads/2023/04/4770350023887-300x300.jpg",
    "available": true,
    "discount": null
  },
  {
    "shop": "RIMI",
    "categories": [
      1,
      1001,
      1001003
    ],
    "productName": "S.v. Torres Coronas 13,5% 0,75l",
    "productPriceOld": null,
    "productPrice": {
      "value": 13.45,
      "unit": "€/gab"
    },
    "productPricePerUnit": {
      "value": 17.93,
      "unit": "€/l"
    },
    "productPriceWithLoyaltyCard": null,
    "productPricePerUnitWithLoyaltyCard": null,
    "imageUrl": "https://rimibaltic-res.cloudinary.com/image/upload/d_ecommerce:backend-fallback.png/MAT_101628_PCE_LV",
    "available": true,
    "discount": null
  },
  {
    "shop": "MAXIMA",
    "categories": [
      1,
      1001,
      1001003
    ],
    "productName": "Vīns TORRES CORONAS 13,5% 0,75l",
    "productPriceOld": null,
    "productPrice": {
      "value": 13.45,
      "unit": "€"
    },
    "productPricePerUnit": {
      "value": 17.93,
      "unit": "€/l"
    },
    "productPriceWithLoyaltyCard": null,
    "productPricePerUnitWithLoyaltyCard": null,
    "imageUrl": "https://cdn.barbora.lv/products/2889e1d3-af50-4cc4-a04c-03c76bbacd63_s.png",
    "available": true,
    "discount": null
  },
  {
    "shop": "MAXIMA",
    "categories": [
      1,
      1001,
      1001003
    ],
    "productName": "Dzirk.vīns PICCINI PROS.EX.DRY 11% 0,75L",
    "productPriceOld": null,
    "productPrice": {
      "value": 13.46,
      "unit": "€"
    },
    "productPricePerUnit": {
      "value": 17.95,
      "unit": "€/l"
    },
    "productPriceWithLoyaltyCard": null,
    "productPricePerUnitWithLoyaltyCard": null,
    "imageUrl": "https://cdn.barbora.lv/products/79b22535-bc26-4cc9-8dc4-5dcc67018e92_s.png",
    "available": true,
    "discount": null
  },
  {
    "shop": "CITRO",
    "categories": [
      2,
      2001,
      2001008
    ],
    "productName": "DEGVĪNS 3 GRAUDU 38% 0.2L",
    "productPriceOld": null,
    "productPrice": null,
    "productPricePerUnit": {
      "value": 17.95,
      "unit": "€/L"
    },
    "productPriceWithLoyaltyCard": null,
    "productPricePerUnitWithLoyaltyCard": null,
    "imageUrl": "https://rezekne.citro.lv/wp-content/uploads/2020/04/4750021225956-300x300.jpg",
    "available": true,
    "discount": null
  },
  {
    "shop": "MAXIMA",
    "categories": [
      1,
      1001,
      10010019
    ],
    "productName": "Stiprs alkoholiskais dzēriens BONAPARTE 38% 0,35l",
    "productPriceOld": {
      "value": 6.74,
      "unit": "€"
    },
    "productPrice": {
      "value": 6.29,
      "unit": "€"
    },
    "productPricePerUnit": {
      "value": 17.97,
      "unit": "€/l"
    },
    "productPriceWithLoyaltyCard": null,
    "productPricePerUnitWithLoyaltyCard": null,
    "imageUrl": "https://cdn.barbora.lv/products/a446f50f-6c14-41d8-9029-b5b06f20812b_s.png",
    "available": true,
    "discount": 7
  },
  {
    "shop": "RIMI",
    "categories": [
      1,
      1001,
      10010010
    ],
    "productName": "Brendijs Bartender's Club VSOP 36% 0,5l",
    "productPriceOld": null,
    "productPrice": {
      "value": 12.59,
      "unit": "€/gab"
    },
    "productPricePerUnit": {
      "value": 25.18,
      "unit": "€/l"
    },
    "productPriceWithLoyaltyCard": {
      "value": 8.99,
      "unit": "€"
    },
    "productPricePerUnitWithLoyaltyCard": {
      "value": 17.98,
      "unit": "€/l"
    },
    "imageUrl": "https://rimibaltic-res.cloudinary.com/image/upload/d_ecommerce:backend-fallback.png/MAT_809851_PCE_LV",
    "available": true,
    "discount": 29
  },
  {
    "shop": "RIMI",
    "categories": [
      1,
      1001,
      10010010
    ],
    "productName": "Brendijs Bartender's Club VSOP 36% 0,5l",
    "productPriceOld": null,
    "productPrice": {
      "value": 12.59,
      "unit": "€/gab"
    },
    "productPricePerUnit": {
      "value": 25.18,
      "unit": "€/l"
    },
    "productPriceWithLoyaltyCard": {
      "value": 8.99,
      "unit": "€"
    },
    "productPricePerUnitWithLoyaltyCard": {
      "value": 17.98,
      "unit": "€/l"
    },
    "imageUrl": "https://rimibaltic-res.cloudinary.com/image/upload/d_ecommerce:backend-fallback.png/MAT_809851_PCE_LV",
    "available": true,
    "discount": 29
  },
  {
    "shop": "RIMI",
    "categories": [
      1,
      1001,
      10010016
    ],
    "productName": "Degvīns Stumbras Vodka 40% 0,5l",
    "productPriceOld": null,
    "productPrice": {
      "value": 15.85,
      "unit": "€/gab"
    },
    "productPricePerUnit": {
      "value": 31.7,
      "unit": "€/l"
    },
    "productPriceWithLoyaltyCard": {
      "value": 8.99,
      "unit": "€"
    },
    "productPricePerUnitWithLoyaltyCard": {
      "value": 17.98,
      "unit": "€/l"
    },
    "imageUrl": "https://rimibaltic-res.cloudinary.com/image/upload/d_ecommerce:backend-fallback.png/MAT_140209_PCE_LV",
    "available": true,
    "discount": 43
  },
  {
    "shop": "RIMI",
    "categories": [
      1,
      1001,
      10010016
    ],
    "productName": "Degvīns Stumbras Vodka dzērveņu 40% 0,5l",
    "productPriceOld": null,
    "productPrice": {
      "value": 15.85,
      "unit": "€/gab"
    },
    "productPricePerUnit": {
      "value": 31.7,
      "unit": "€/l"
    },
    "productPriceWithLoyaltyCard": {
      "value": 8.99,
      "unit": "€"
    },
    "productPricePerUnitWithLoyaltyCard": {
      "value": 17.98,
      "unit": "€/l"
    },
    "imageUrl": "https://rimibaltic-res.cloudinary.com/image/upload/d_ecommerce:backend-fallback.png/MAT_7102525_PCE_LV",
    "available": true,
    "discount": 43
  },
  {
    "shop": "RIMI",
    "categories": [
      1,
      1001,
      10010016
    ],
    "productName": "Degvīns Stumbras Vodka dzērveņu 40% 0,5l",
    "productPriceOld": null,
    "productPrice": {
      "value": 15.85,
      "unit": "€/gab"
    },
    "productPricePerUnit": {
      "value": 31.7,
      "unit": "€/l"
    },
    "productPriceWithLoyaltyCard": {
      "value": 8.99,
      "unit": "€"
    },
    "productPricePerUnitWithLoyaltyCard": {
      "value": 17.98,
      "unit": "€/l"
    },
    "imageUrl": "https://rimibaltic-res.cloudinary.com/image/upload/d_ecommerce:backend-fallback.png/MAT_7102525_PCE_LV",
    "available": true,
    "discount": 43
  },
  {
    "shop": "RIMI",
    "categories": [
      1,
      1001,
      10010016
    ],
    "productName": "Degvīns Stumbras cidoniju 40% 0,5l",
    "productPriceOld": null,
    "productPrice": {
      "value": 16.79,
      "unit": "€/gab"
    },
    "productPricePerUnit": {
      "value": 33.58,
      "unit": "€/l"
    },
    "productPriceWithLoyaltyCard": {
      "value": 8.99,
      "unit": "€"
    },
    "productPricePerUnitWithLoyaltyCard": {
      "value": 17.98,
      "unit": "€/l"
    },
    "imageUrl": "https://rimibaltic-res.cloudinary.com/image/upload/d_ecommerce:backend-fallback.png/MAT_7184355_PCE_LV",
    "available": true,
    "discount": 46
  },
  {
    "shop": "MAXIMA",
    "categories": [
      1,
      1001,
      1001003
    ],
    "productName": "Vīns S.CLAIR SAUV. BLANC 13% 0,75L",
    "productPriceOld": {
      "value": 21.55,
      "unit": "€"
    },
    "productPrice": {
      "value": 21.55,
      "unit": "€"
    },
    "productPricePerUnit": {
      "value": 28.73,
      "unit": "€/l"
    },
    "productPriceWithLoyaltyCard": {
      "value": 13.49,
      "unit": "€"
    },
    "productPricePerUnitWithLoyaltyCard": {
      "value": 17.98,
      "unit": "€/l"
    },
    "imageUrl": "https://cdn.barbora.lv/products/37db323c-a678-4771-b690-526fab9df4af_s.png",
    "available": true,
    "discount": 37
  },
  {
    "shop": "MAXIMA",
    "categories": [
      2,
      2001,
      2001008
    ],
    "productName": "Degvīns 3 GRAUDU 38% 0,5l",
    "productPriceOld": null,
    "productPrice": {
      "value": 8.99,
      "unit": "€"
    },
    "productPricePerUnit": {
      "value": 17.98,
      "unit": "€/l"
    },
    "productPriceWithLoyaltyCard": null,
    "productPricePerUnitWithLoyaltyCard": null,
    "imageUrl": "https://cdn.barbora.lv/products/f86d881c-0593-4439-bae0-907786a5a12a_s.png",
    "available": true,
    "discount": null
  },
  {
    "shop": "MAXIMA",
    "categories": [
      1,
      1001,
      10010019
    ],
    "productName": "Stipr.alk.dzēr.ATLANTIS 5* 38% 0,5L",
    "productPriceOld": {
      "value": 12.87,
      "unit": "€"
    },
    "productPrice": {
      "value": 8.99,
      "unit": "€"
    },
    "productPricePerUnit": {
      "value": 17.98,
      "unit": "€/l"
    },
    "productPriceWithLoyaltyCard": null,
    "productPricePerUnitWithLoyaltyCard": null,
    "imageUrl": "https://cdn.barbora.lv/products/97a89ed9-d834-4746-92b8-771d07c75735_s.png",
    "available": true,
    "discount": 30
  },
  {
    "shop": "MAXIMA",
    "categories": [
      1,
      1001,
      10010010
    ],
    "productName": "Brendijs ČORNIJ AIST 40% 0,5l",
    "productPriceOld": {
      "value": 12.32,
      "unit": "€"
    },
    "productPrice": {
      "value": 8.99,
      "unit": "€"
    },
    "productPricePerUnit": {
      "value": 17.98,
      "unit": "€/l"
    },
    "productPriceWithLoyaltyCard": null,
    "productPricePerUnitWithLoyaltyCard": null,
    "imageUrl": "https://cdn.barbora.lv/products/7c4e7265-531f-48db-b673-e18135f07a3b_s.png",
    "available": true,
    "discount": 27
  },
  {
    "shop": "MAXIMA",
    "categories": [
      1,
      1001,
      10010016
    ],
    "productName": "Degvīns HAOMA Zerenda Green 40% 0,5L",
    "productPriceOld": {
      "value": 11.62,
      "unit": "€"
    },
    "productPrice": {
      "value": 11.62,
      "unit": "€"
    },
    "productPricePerUnit": {
      "value": 23.24,
      "unit": "€/l"
    },
    "productPriceWithLoyaltyCard": {
      "value": 8.99,
      "unit": "€"
    },
    "productPricePerUnitWithLoyaltyCard": {
      "value": 17.98,
      "unit": "€/l"
    },
    "imageUrl": "https://cdn.barbora.lv/products/6c4be7ea-3760-4124-82c3-3be709c47ad9_s.png",
    "available": true,
    "discount": 23
  },
  {
    "shop": "CITRO",
    "categories": [
      1,
      1001,
      10010016
    ],
    "productName": "DEGVĪNS SPECZAKAZ 40% 0.5L",
    "productPriceOld": null,
    "productPrice": null,
    "productPricePerUnit": {
      "value": 17.98,
      "unit": "€/L"
    },
    "productPriceWithLoyaltyCard": null,
    "productPricePerUnitWithLoyaltyCard": null,
    "imageUrl": "https://rezekne.citro.lv/wp-content/uploads/2020/07/4750036706525-300x300.jpg",
    "available": true,
    "discount": null
  },
  {
    "shop": "CITRO",
    "categories": [
      1,
      1001,
      10010010
    ],
    "productName": "BRENDIJS GARLING 36% 0.5L",
    "productPriceOld": {
      "value": 10.99,
      "unit": "€"
    },
    "productPrice": {
      "value": 8.99,
      "unit": "€"
    },
    "productPricePerUnit": {
      "value": 17.98,
      "unit": "€/L"
    },
    "productPriceWithLoyaltyCard": null,
    "productPricePerUnitWithLoyaltyCard": null,
    "imageUrl": "https://rezekne.citro.lv/wp-content/uploads/2020/12/4840044000842-1-300x300.jpg",
    "available": true,
    "discount": 18
  },
  {
    "shop": "CITRO",
    "categories": [
      1,
      1001,
      10010016
    ],
    "productName": "DEGVĪNS CITYLIFE CHERRY 40% 0.5L",
    "productPriceOld": {
      "value": 9.99,
      "unit": "€"
    },
    "productPrice": {
      "value": 8.99,
      "unit": "€"
    },
    "productPricePerUnit": {
      "value": 17.98,
      "unit": "€/L"
    },
    "productPriceWithLoyaltyCard": null,
    "productPricePerUnitWithLoyaltyCard": null,
    "imageUrl": "https://rezekne.citro.lv/wp-content/uploads/2025/01/4742883014731-300x300.jpg",
    "available": true,
    "discount": 10
  },
  {
    "shop": "CITRO",
    "categories": [
      1,
      1001,
      10010016
    ],
    "productName": "DEGVĪNS CITYLIFE LIME 40% 0.5L",
    "productPriceOld": {
      "value": 9.99,
      "unit": "€"
    },
    "productPrice": {
      "value": 8.99,
      "unit": "€"
    },
    "productPricePerUnit": {
      "value": 17.98,
      "unit": "€/L"
    },
    "productPriceWithLoyaltyCard": null,
    "productPricePerUnitWithLoyaltyCard": null,
    "imageUrl": "https://rezekne.citro.lv/wp-content/uploads/2024/11/4742883014724-300x300.jpg",
    "available": true,
    "discount": 10
  },
  {
    "shop": "CITRO",
    "categories": [
      1,
      1001,
      10010016
    ],
    "productName": "DEGVĪNS SOBIESKI PREMIUM 40% 0.5L",
    "productPriceOld": {
      "value": 9.99,
      "unit": "€"
    },
    "productPrice": {
      "value": 8.99,
      "unit": "€"
    },
    "productPricePerUnit": {
      "value": 17.98,
      "unit": "€/L"
    },
    "productPriceWithLoyaltyCard": null,
    "productPricePerUnitWithLoyaltyCard": null,
    "imageUrl": "https://rezekne.citro.lv/wp-content/uploads/2022/03/4770053221740-300x300.jpg",
    "available": true,
    "discount": 10
  },
  {
    "shop": "CITRO",
    "categories": [
      1,
      1001,
      10010016
    ],
    "productName": "DEGVĪNS JOHAN FREITAG 40% 0.5L",
    "productPriceOld": null,
    "productPrice": null,
    "productPricePerUnit": {
      "value": 17.98,
      "unit": "€/L"
    },
    "productPriceWithLoyaltyCard": null,
    "productPricePerUnitWithLoyaltyCard": null,
    "imageUrl": "https://rezekne.citro.lv/wp-content/uploads/2021/09/6419800159971-300x300.jpg",
    "available": true,
    "discount": null
  },
  {
    "shop": "CITRO",
    "categories": [
      1,
      1001,
      10010019
    ],
    "productName": "ST.ALK.DZ. MAGISTR VS 30% 0.5L",
    "productPriceOld": null,
    "productPrice": null,
    "productPricePerUnit": {
      "value": 17.98,
      "unit": "€/L"
    },
    "productPriceWithLoyaltyCard": null,
    "productPricePerUnitWithLoyaltyCard": null,
    "imageUrl": "https://rezekne.citro.lv/wp-content/uploads/2025/01/4840044010223-300x300.jpg",
    "available": true,
    "discount": null
  },
  {
    "shop": "RIMI",
    "categories": [
      1,
      1001,
      1001003
    ],
    "productName": "S.v. 3 Passo Org. 14% 0,75l",
    "productPriceOld": null,
    "productPrice": {
      "value": 13.49,
      "unit": "€/gab"
    },
    "productPricePerUnit": {
      "value": 17.99,
      "unit": "€/l"
    },
    "productPriceWithLoyaltyCard": null,
    "productPricePerUnitWithLoyaltyCard": null,
    "imageUrl": "https://rimibaltic-res.cloudinary.com/image/upload/d_ecommerce:backend-fallback.png/MAT_7137356_PCE_LV",
    "available": true,
    "discount": null
  },
  {
    "shop": "RIMI",
    "categories": [
      1,
      1001,
      1001009
    ],
    "productName": "Viskijs Johnnie Walker Red Label 40% 1l",
    "productPriceOld": null,
    "productPrice": {
      "value": 29.89,
      "unit": "€/gab"
    },
    "productPricePerUnit": {
      "value": 29.89,
      "unit": "€/l"
    },
    "productPriceWithLoyaltyCard": {
      "value": 17.99,
      "unit": "€"
    },
    "productPricePerUnitWithLoyaltyCard": {
      "value": 17.99,
      "unit": "€/l"
    },
    "imageUrl": "https://rimibaltic-res.cloudinary.com/image/upload/d_ecommerce:backend-fallback.png/MAT_688625_PCE_LV",
    "available": true,
    "discount": 40
  },
  {
    "shop": "RIMI",
    "categories": [
      1,
      1001,
      1001003
    ],
    "productName": "B.v. 3 Passo Organico Bianco,sauss 13,0% 0,75",
    "productPriceOld": null,
    "productPrice": {
      "value": 13.49,
      "unit": "€/gab"
    },
    "productPricePerUnit": {
      "value": 17.99,
      "unit": "€/l"
    },
    "productPriceWithLoyaltyCard": null,
    "productPricePerUnitWithLoyaltyCard": null,
    "imageUrl": "https://rimibaltic-res.cloudinary.com/image/upload/d_ecommerce:backend-fallback.png/MAT_7220712_PCE_LV",
    "available": true,
    "discount": null
  },
  {
    "shop": "RIMI",
    "categories": [
      1,
      1001,
      1001003
    ],
    "productName": "Rozā vīns 3 Passo BIO, sauss 12% 0,75l",
    "productPriceOld": null,
    "productPrice": {
      "value": 13.49,
      "unit": "€/gab"
    },
    "productPricePerUnit": {
      "value": 17.99,
      "unit": "€/l"
    },
    "productPriceWithLoyaltyCard": null,
    "productPricePerUnitWithLoyaltyCard": null,
    "imageUrl": "https://rimibaltic-res.cloudinary.com/image/upload/d_ecommerce:backend-fallback.png/MAT_7300034_PCE_LV",
    "available": true,
    "discount": null
  },
  {
    "shop": "RIMI",
    "categories": [
      1,
      1001,
      10010016
    ],
    "productName": "Degvīns Danzka 40% 1l",
    "productPriceOld": null,
    "productPrice": {
      "value": 25.65,
      "unit": "€/gab"
    },
    "productPricePerUnit": {
      "value": 25.65,
      "unit": "€/l"
    },
    "productPriceWithLoyaltyCard": {
      "value": 17.99,
      "unit": "€"
    },
    "productPricePerUnitWithLoyaltyCard": {
      "value": 17.99,
      "unit": "€/l"
    },
    "imageUrl": "https://rimibaltic-res.cloudinary.com/image/upload/d_ecommerce:backend-fallback.png/MAT_7205795_PCE_LV",
    "available": true,
    "discount": 30
  },
  {
    "shop": "RIMI",
    "categories": [
      1,
      1001,
      10010016
    ],
    "productName": "Degvīns Danzka Apple 40% 1l",
    "productPriceOld": null,
    "productPrice": {
      "value": 25.65,
      "unit": "€/gab"
    },
    "productPricePerUnit": {
      "value": 25.65,
      "unit": "€/l"
    },
    "productPriceWithLoyaltyCard": {
      "value": 17.99,
      "unit": "€"
    },
    "productPricePerUnitWithLoyaltyCard": {
      "value": 17.99,
      "unit": "€/l"
    },
    "imageUrl": "https://rimibaltic-res.cloudinary.com/image/upload/d_ecommerce:backend-fallback.png/MAT_7303488_PCE_LV",
    "available": true,
    "discount": 30
  },
  {
    "shop": "MAXIMA",
    "categories": [
      1,
      1001,
      1001003
    ],
    "productName": "Vīns VINA LEYDA SV SAUVIGNON BLANC 14% 0,75L",
    "productPriceOld": {
      "value": 19.34,
      "unit": "€"
    },
    "productPrice": {
      "value": 19.34,
      "unit": "€"
    },
    "productPricePerUnit": {
      "value": 25.79,
      "unit": "€/l"
    },
    "productPriceWithLoyaltyCard": {
      "value": 13.49,
      "unit": "€"
    },
    "productPricePerUnitWithLoyaltyCard": {
      "value": 17.99,
      "unit": "€/l"
    },
    "imageUrl": "https://cdn.barbora.lv/products/46aea996-40cd-4bd3-b8bc-2dcdf475553b_s.png",
    "available": true,
    "discount": 30
  },
  {
    "shop": "MAXIMA",
    "categories": [
      1,
      1001,
      1001003
    ],
    "productName": "Vīns EPICURO Primitivo 14% 0,75L",
    "productPriceOld": null,
    "productPrice": {
      "value": 13.49,
      "unit": "€"
    },
    "productPricePerUnit": {
      "value": 17.99,
      "unit": "€/l"
    },
    "productPriceWithLoyaltyCard": null,
    "productPricePerUnitWithLoyaltyCard": null,
    "imageUrl": "https://cdn.barbora.lv/products/9c956f5f-b1c7-4c6f-acff-b58199a6907e_s.png",
    "available": true,
    "discount": null
  },
  {
    "shop": "MAXIMA",
    "categories": [
      1,
      1001,
      1001003
    ],
    "productName": "Vīns LAS MULAS CABERNET SAUVIGNON ORGANIC 14% 0,75L",
    "productPriceOld": null,
    "productPrice": {
      "value": 13.49,
      "unit": "€"
    },
    "productPricePerUnit": {
      "value": 17.99,
      "unit": "€/l"
    },
    "productPriceWithLoyaltyCard": null,
    "productPricePerUnitWithLoyaltyCard": null,
    "imageUrl": "https://cdn.barbora.lv/products/6915fb1e-5acf-4c12-84ff-903d2adc70f4_s.png",
    "available": true,
    "discount": null
  },
  {
    "shop": "MAXIMA",
    "categories": [
      1,
      1001,
      1001009
    ],
    "productName": "Viskijs HIGHLAND QUEEN 40% 1L",
    "productPriceOld": {
      "value": 25.21,
      "unit": "€"
    },
    "productPrice": {
      "value": 17.99,
      "unit": "€"
    },
    "productPricePerUnit": {
      "value": 17.99,
      "unit": "€/l"
    },
    "productPriceWithLoyaltyCard": null,
    "productPricePerUnitWithLoyaltyCard": null,
    "imageUrl": "https://cdn.barbora.lv/products/28330cd0-8544-41e9-98c4-a80b2a40d7da_s.png",
    "available": true,
    "discount": 29
  },
  {
    "shop": "CITRO",
    "categories": [
      1,
      1001,
      1001009
    ],
    "productName": "VISKIJS J.WALKER RED LABEL 40% 1L",
    "productPriceOld": {
      "value": 25.69,
      "unit": "€"
    },
    "productPrice": {
      "value": 17.99,
      "unit": "€"
    },
    "productPricePerUnit": {
      "value": 17.99,
      "unit": "€/L"
    },
    "productPriceWithLoyaltyCard": null,
    "productPricePerUnitWithLoyaltyCard": null,
    "imageUrl": "https://rezekne.citro.lv/wp-content/uploads/2022/03/5000267013602-ar-fonu-300x300.jpg",
    "available": true,
    "discount": 30
  },
  {
    "shop": "MAXIMA",
    "categories": [
      1,
      1001,
      10010019
    ],
    "productName": "Stipr.alk.dzēriens CHAMPION 38% 0,2l",
    "productPriceOld": null,
    "productPrice": {
      "value": 3.61,
      "unit": "€"
    },
    "productPricePerUnit": {
      "value": 18.05,
      "unit": "€/l"
    },
    "productPriceWithLoyaltyCard": null,
    "productPricePerUnitWithLoyaltyCard": null,
    "imageUrl": "https://cdn.barbora.lv/products/1d5c8da6-ccd1-49ab-90c4-da17e3f19893_s.png",
    "available": true,
    "discount": null
  },
  {
    "shop": "RIMI",
    "categories": [
      1,
      1001,
      1001003
    ],
    "productName": "Baltvīns Fossili Gavi Di Gavi 12,5% 0,75l",
    "productPriceOld": null,
    "productPrice": {
      "value": 13.55,
      "unit": "€/gab"
    },
    "productPricePerUnit": {
      "value": 18.07,
      "unit": "€/l"
    },
    "productPriceWithLoyaltyCard": null,
    "productPricePerUnitWithLoyaltyCard": null,
    "imageUrl": "https://rimibaltic-res.cloudinary.com/image/upload/d_ecommerce:backend-fallback.png/MAT_7019911_PCE_LV",
    "available": true,
    "discount": null
  },
  {
    "shop": "MAXIMA",
    "categories": [
      1,
      1001,
      1001003
    ],
    "productName": "Vīns LAS MULAS SAUVIGNON BLANC ORGANIC 13,5% 0,75l",
    "productPriceOld": null,
    "productPrice": {
      "value": 13.55,
      "unit": "€"
    },
    "productPricePerUnit": {
      "value": 18.07,
      "unit": "€/l"
    },
    "productPriceWithLoyaltyCard": null,
    "productPricePerUnitWithLoyaltyCard": null,
    "imageUrl": "https://cdn.barbora.lv/products/9e110f97-5527-4a8a-a79f-4049ad4dac62_s.png",
    "available": true,
    "discount": null
  },
  {
    "shop": "MAXIMA",
    "categories": [
      1,
      1001,
      10010016
    ],
    "productName": "Degvīns ZOLOTO POLEJ 40% 0,5l",
    "productPriceOld": null,
    "productPrice": {
      "value": 9.05,
      "unit": "€"
    },
    "productPricePerUnit": {
      "value": 18.1,
      "unit": "€/l"
    },
    "productPriceWithLoyaltyCard": null,
    "productPricePerUnitWithLoyaltyCard": null,
    "imageUrl": "https://cdn.barbora.lv/products/1229cffe-64fa-40df-ab1d-cb1aba089153_s.png",
    "available": true,
    "discount": null
  },
  {
    "shop": "MAXIMA",
    "categories": [
      1,
      1001,
      1001003
    ],
    "productName": "Dzirkstošais vīns B&G Chardonnay 12% 750ml",
    "productPriceOld": null,
    "productPrice": {
      "value": 13.59,
      "unit": "€"
    },
    "productPricePerUnit": {
      "value": 18.12,
      "unit": "€/l"
    },
    "productPriceWithLoyaltyCard": null,
    "productPricePerUnitWithLoyaltyCard": null,
    "imageUrl": "https://cdn.barbora.lv/products/5db98e33-d8e0-472b-aea4-3e8573ca9699_s.png",
    "available": true,
    "discount": null
  },
  {
    "shop": "MAXIMA",
    "categories": [
      2,
      2005
    ],
    "productName": "Karameļu rulete STABURADZE 380g",
    "productPriceOld": null,
    "productPrice": {
      "value": 6.89,
      "unit": "€"
    },
    "productPricePerUnit": {
      "value": 18.13,
      "unit": "€/kg"
    },
    "productPriceWithLoyaltyCard": null,
    "productPricePerUnitWithLoyaltyCard": null,
    "imageUrl": "https://cdn.barbora.lv/products/63c9ab22-d9be-4142-8bb8-57083e20ddec_s.png",
    "available": true,
    "discount": null
  },
  {
    "shop": "RIMI",
    "categories": [
      1,
      1001,
      1001004
    ],
    "productName": "Dz.v. Sensi Prosecco Doc 11% 0,75l, pussauss",
    "productPriceOld": null,
    "productPrice": {
      "value": 13.69,
      "unit": "€/gab"
    },
    "productPricePerUnit": {
      "value": 18.25,
      "unit": "€/l"
    },
    "productPriceWithLoyaltyCard": null,
    "productPricePerUnitWithLoyaltyCard": null,
    "imageUrl": "https://rimibaltic-res.cloudinary.com/image/upload/d_ecommerce:backend-fallback.png/MAT_7277376_PCE_LV",
    "available": true,
    "discount": null
  },
  {
    "shop": "MAXIMA",
    "categories": [
      1,
      1001,
      1001003
    ],
    "productName": "Vīns TORRES GRAN S.DE TORO 13,5% 0,75L",
    "productPriceOld": null,
    "productPrice": {
      "value": 13.69,
      "unit": "€"
    },
    "productPricePerUnit": {
      "value": 18.25,
      "unit": "€/l"
    },
    "productPriceWithLoyaltyCard": null,
    "productPricePerUnitWithLoyaltyCard": null,
    "imageUrl": "https://cdn.barbora.lv/products/d3f2d40c-8437-43be-9d7b-d15425a3d188_s.png",
    "available": true,
    "discount": null
  },
  {
    "shop": "MAXIMA",
    "categories": [
      1,
      1001,
      10010013
    ],
    "productName": "Liķieris ŠARLOTE BALZAMA 17% 0,5l",
    "productPriceOld": null,
    "productPrice": {
      "value": 9.15,
      "unit": "€"
    },
    "productPricePerUnit": {
      "value": 18.3,
      "unit": "€/l"
    },
    "productPriceWithLoyaltyCard": null,
    "productPricePerUnitWithLoyaltyCard": null,
    "imageUrl": "https://cdn.barbora.lv/products/62866cd8-1a1a-41fe-aa0e-b5c90f0d3fe5_s.png",
    "available": true,
    "discount": null
  },
  {
    "shop": "RIMI",
    "categories": [
      2,
      2005
    ],
    "productName": "Biezpiena kūka Lāči mājas ar avenēm 600g",
    "productPriceOld": null,
    "productPrice": {
      "value": 10.99,
      "unit": "€/gab"
    },
    "productPricePerUnit": {
      "value": 18.32,
      "unit": "€/kg"
    },
    "productPriceWithLoyaltyCard": null,
    "productPricePerUnitWithLoyaltyCard": null,
    "imageUrl": "https://rimibaltic-res.cloudinary.com/image/upload/d_ecommerce:backend-fallback.png/MAT_4003948_PCE_LV",
    "available": true,
    "discount": null
  },
  {
    "shop": "MAXIMA",
    "categories": [
      1,
      1001,
      10010016
    ],
    "productName": "Degvīns HLEBNIJ DVOR 40% 0,7l",
    "productPriceOld": null,
    "productPrice": {
      "value": 12.83,
      "unit": "€"
    },
    "productPricePerUnit": {
      "value": 18.33,
      "unit": "€/l"
    },
    "productPriceWithLoyaltyCard": null,
    "productPricePerUnitWithLoyaltyCard": null,
    "imageUrl": "https://cdn.barbora.lv/products/d7201e0c-3ff4-4c22-914f-465124365fb2_s.png",
    "available": true,
    "discount": null
  },
  {
    "shop": "RIMI",
    "categories": [
      1,
      1002,
      10010025
    ],
    "productName": "Sīrups Monin marakujas 250ml",
    "productPriceOld": {
      "value": 5.39,
      "unit": "€"
    },
    "productPrice": {
      "value": 4.59,
      "unit": "€/gab"
    },
    "productPricePerUnit": {
      "value": 18.36,
      "unit": "€/l"
    },
    "productPriceWithLoyaltyCard": null,
    "productPricePerUnitWithLoyaltyCard": null,
    "imageUrl": "https://rimibaltic-res.cloudinary.com/image/upload/d_ecommerce:backend-fallback.png/MAT_1014759_PCE_LV",
    "available": true,
    "discount": 15
  },
  {
    "shop": "RIMI",
    "categories": [
      1,
      1001,
      1001003
    ],
    "productName": "S.v. C.Charlize Cuvee Forte Tosc. 13% 0,75l",
    "productPriceOld": null,
    "productPrice": {
      "value": 13.79,
      "unit": "€/gab"
    },
    "productPricePerUnit": {
      "value": 18.39,
      "unit": "€/l"
    },
    "productPriceWithLoyaltyCard": null,
    "productPricePerUnitWithLoyaltyCard": null,
    "imageUrl": "https://rimibaltic-res.cloudinary.com/image/upload/d_ecommerce:backend-fallback.png/MAT_7217349_PCE_LV",
    "available": true,
    "discount": null
  },
  {
    "shop": "RIMI",
    "categories": [
      1,
      1001,
      1001003
    ],
    "productName": "Zilver rabarberu vīns pussauss 11% 0.75L",
    "productPriceOld": null,
    "productPrice": {
      "value": 13.79,
      "unit": "€/gab"
    },
    "productPricePerUnit": {
      "value": 18.39,
      "unit": "€/l"
    },
    "productPriceWithLoyaltyCard": null,
    "productPricePerUnitWithLoyaltyCard": null,
    "imageUrl": "https://rimibaltic-res.cloudinary.com/image/upload/d_ecommerce:backend-fallback.png/MAT_7110250_PCE_LV",
    "available": true,
    "discount": null
  },
  {
    "shop": "MAXIMA",
    "categories": [
      1,
      1001,
      1001003
    ],
    "productName": "Vīns LA CELIA RESERVA MALBEC 14% 0,75L",
    "productPriceOld": null,
    "productPrice": {
      "value": 13.79,
      "unit": "€"
    },
    "productPricePerUnit": {
      "value": 18.39,
      "unit": "€/l"
    },
    "productPriceWithLoyaltyCard": null,
    "productPricePerUnitWithLoyaltyCard": null,
    "imageUrl": "https://cdn.barbora.lv/products/f8792329-4208-4b26-b880-6eccc11b8207_s.png",
    "available": true,
    "discount": null
  },
  {
    "shop": "MAXIMA",
    "categories": [
      1,
      1001,
      1001003
    ],
    "productName": "Vīns SILK & SPICE RED 13% 0,75L",
    "productPriceOld": null,
    "productPrice": {
      "value": 13.79,
      "unit": "€"
    },
    "productPricePerUnit": {
      "value": 18.39,
      "unit": "€/l"
    },
    "productPriceWithLoyaltyCard": null,
    "productPricePerUnitWithLoyaltyCard": null,
    "imageUrl": "https://cdn.barbora.lv/products/c8131625-93b2-4a2c-a624-d14fbced458f_s.png",
    "available": true,
    "discount": null
  },
  {
    "shop": "RIMI",
    "categories": [
      2,
      2002
    ],
    "productName": "Torte Tortīne aveņu mango 630g",
    "productPriceOld": {
      "value": 12.99,
      "unit": "€"
    },
    "productPrice": {
      "value": 11.59,
      "unit": "€/gab"
    },
    "productPricePerUnit": {
      "value": 18.4,
      "unit": "€/kg"
    },
    "productPriceWithLoyaltyCard": null,
    "productPricePerUnitWithLoyaltyCard": null,
    "imageUrl": "https://rimibaltic-res.cloudinary.com/image/upload/d_ecommerce:backend-fallback.png/MAT_995314_PCE_LV",
    "available": true,
    "discount": 11
  },
  {
    "shop": "MAXIMA",
    "categories": [
      1,
      1001,
      1001003
    ],
    "productName": "Vīns LA CELIA RESERVA PINOT GRIGIO 13% 0,75L",
    "productPriceOld": null,
    "productPrice": {
      "value": 13.81,
      "unit": "€"
    },
    "productPricePerUnit": {
      "value": 18.41,
      "unit": "€/l"
    },
    "productPriceWithLoyaltyCard": null,
    "productPricePerUnitWithLoyaltyCard": null,
    "imageUrl": "https://cdn.barbora.lv/products/3cb242d3-e9e2-4082-a5ec-691a43aef806_s.png",
    "available": true,
    "discount": null
  },
  {
    "shop": "RIMI",
    "categories": [
      1,
      1001,
      10010019
    ],
    "productName": "Stiprs alkoholisk. dzēriens Hektors 32% 0,2l",
    "productPriceOld": null,
    "productPrice": {
      "value": 3.69,
      "unit": "€/gab"
    },
    "productPricePerUnit": {
      "value": 18.45,
      "unit": "€/l"
    },
    "productPriceWithLoyaltyCard": null,
    "productPricePerUnitWithLoyaltyCard": null,
    "imageUrl": "https://rimibaltic-res.cloudinary.com/image/upload/d_ecommerce:backend-fallback.png/MAT_138978_PCE_LV",
    "available": true,
    "discount": null
  },
  {
    "shop": "CITRO",
    "categories": [
      1,
      1001,
      10010013
    ],
    "productName": "LIĶIERIS MOKA 30% 0.2L",
    "productPriceOld": null,
    "productPrice": null,
    "productPricePerUnit": {
      "value": 18.45,
      "unit": "€/L"
    },
    "productPriceWithLoyaltyCard": null,
    "productPricePerUnitWithLoyaltyCard": null,
    "imageUrl": "https://rezekne.citro.lv/wp-content/uploads/2020/12/4750021310959-300x300.jpg",
    "available": true,
    "discount": null
  },
  {
    "shop": "RIMI",
    "categories": [
      1,
      1001,
      1001003
    ],
    "productName": "S.v. Honoro Vera Monastrell Organic 14,5% 0,7",
    "productPriceOld": null,
    "productPrice": {
      "value": 13.85,
      "unit": "€/gab"
    },
    "productPricePerUnit": {
      "value": 18.47,
      "unit": "€/l"
    },
    "productPriceWithLoyaltyCard": null,
    "productPricePerUnitWithLoyaltyCard": null,
    "imageUrl": "https://rimibaltic-res.cloudinary.com/image/upload/d_ecommerce:backend-fallback.png/MAT_7189639_PCE_LV",
    "available": true,
    "discount": null
  },
  {
    "shop": "RIMI",
    "categories": [
      1,
      1001,
      1001003
    ],
    "productName": "B.v. Honoro Vero Verdejo Rueda 13,5% 0,75l",
    "productPriceOld": null,
    "productPrice": {
      "value": 13.85,
      "unit": "€/gab"
    },
    "productPricePerUnit": {
      "value": 18.47,
      "unit": "€/l"
    },
    "productPriceWithLoyaltyCard": null,
    "productPricePerUnitWithLoyaltyCard": null,
    "imageUrl": "https://rimibaltic-res.cloudinary.com/image/upload/d_ecommerce:backend-fallback.png/MAT_7247270_PCE_LV",
    "available": true,
    "discount": null
  },
  {
    "shop": "MAXIMA",
    "categories": [
      1,
      1001,
      1001003
    ],
    "productName": "Vīns HONORO VERA BLANCO VERD R 13% 0,75L",
    "productPriceOld": null,
    "productPrice": {
      "value": 13.85,
      "unit": "€"
    },
    "productPricePerUnit": {
      "value": 18.47,
      "unit": "€/l"
    },
    "productPriceWithLoyaltyCard": null,
    "productPricePerUnitWithLoyaltyCard": null,
    "imageUrl": "https://cdn.barbora.lv/products/5abb4f33-6440-45ea-a642-fe4818665f80_s.png",
    "available": true,
    "discount": null
  },
  {
    "shop": "MAXIMA",
    "categories": [
      1,
      1001,
      1001009
    ],
    "productName": "Viskijs J.WALKER RED LABEL 40% 1l",
    "productPriceOld": null,
    "productPrice": {
      "value": 18.49,
      "unit": "€"
    },
    "productPricePerUnit": {
      "value": 18.49,
      "unit": "€/l"
    },
    "productPriceWithLoyaltyCard": null,
    "productPricePerUnitWithLoyaltyCard": null,
    "imageUrl": "https://cdn.barbora.lv/products/46e09374-10e9-4eb3-87b2-0f87fbe6ee0e_s.png",
    "available": true,
    "discount": null
  },
  {
    "shop": "RIMI",
    "categories": [
      2,
      2002
    ],
    "productName": "Torte Roko 750g",
    "productPriceOld": null,
    "productPrice": {
      "value": 13.89,
      "unit": "€/gab"
    },
    "productPricePerUnit": {
      "value": 18.52,
      "unit": "€/kg"
    },
    "productPriceWithLoyaltyCard": null,
    "productPricePerUnitWithLoyaltyCard": null,
    "imageUrl": "https://rimibaltic-res.cloudinary.com/image/upload/d_ecommerce:backend-fallback.png/MAT_214949_PCE_LV",
    "available": true,
    "discount": null
  },
  {
    "shop": "RIMI",
    "categories": [
      1,
      1001,
      1001003
    ],
    "productName": "B.v. Gruner Classic 12,5% 0,75l",
    "productPriceOld": null,
    "productPrice": {
      "value": 13.89,
      "unit": "€/gab"
    },
    "productPricePerUnit": {
      "value": 18.52,
      "unit": "€/l"
    },
    "productPriceWithLoyaltyCard": null,
    "productPricePerUnitWithLoyaltyCard": null,
    "imageUrl": "https://rimibaltic-res.cloudinary.com/image/upload/d_ecommerce:backend-fallback.png/MAT_7094101_PCE_LV",
    "available": true,
    "discount": null
  },
  {
    "shop": "RIMI",
    "categories": [
      1,
      1001,
      1001003
    ],
    "productName": "S.v. Torres Ibericos Rioja 14% 0,75l",
    "productPriceOld": null,
    "productPrice": {
      "value": 13.89,
      "unit": "€/gab"
    },
    "productPricePerUnit": {
      "value": 18.52,
      "unit": "€/l"
    },
    "productPriceWithLoyaltyCard": null,
    "productPricePerUnitWithLoyaltyCard": null,
    "imageUrl": "https://rimibaltic-res.cloudinary.com/image/upload/d_ecommerce:backend-fallback.png/MAT_796135_PCE_LV",
    "available": true,
    "discount": null
  },
  {
    "shop": "RIMI",
    "categories": [
      1,
      1001,
      1001003
    ],
    "productName": "S.v. Rioja Coto De crianza 13,5% 0,75l",
    "productPriceOld": null,
    "productPrice": {
      "value": 13.89,
      "unit": "€/gab"
    },
    "productPricePerUnit": {
      "value": 18.52,
      "unit": "€/l"
    },
    "productPriceWithLoyaltyCard": null,
    "productPricePerUnitWithLoyaltyCard": null,
    "imageUrl": "https://rimibaltic-res.cloudinary.com/image/upload/d_ecommerce:backend-fallback.png/MAT_696585_PCE_LV",
    "available": true,
    "discount": null
  },
  {
    "shop": "RIMI",
    "categories": [
      1,
      1001,
      1001003
    ],
    "productName": "R.v. Gassier Coteaux D'Aix BIO 12,5% 0,75l",
    "productPriceOld": null,
    "productPrice": {
      "value": 13.89,
      "unit": "€/gab"
    },
    "productPricePerUnit": {
      "value": 18.52,
      "unit": "€/l"
    },
    "productPriceWithLoyaltyCard": null,
    "productPricePerUnitWithLoyaltyCard": null,
    "imageUrl": "https://rimibaltic-res.cloudinary.com/image/upload/d_ecommerce:backend-fallback.png/MAT_7109734_PCE_LV",
    "available": true,
    "discount": null
  },
  {
    "shop": "RIMI",
    "categories": [
      1,
      1001,
      1001003
    ],
    "productName": "B.v. Leth Duet Riesling 12,5% 0,75l",
    "productPriceOld": null,
    "productPrice": {
      "value": 13.89,
      "unit": "€/gab"
    },
    "productPricePerUnit": {
      "value": 18.52,
      "unit": "€/l"
    },
    "productPriceWithLoyaltyCard": null,
    "productPricePerUnitWithLoyaltyCard": null,
    "imageUrl": "https://rimibaltic-res.cloudinary.com/image/upload/d_ecommerce:backend-fallback.png/MAT_7094102_PCE_LV",
    "available": true,
    "discount": null
  },
  {
    "shop": "RIMI",
    "categories": [
      1,
      1001,
      1001003
    ],
    "productName": "S.v. Teliani Valley Akhasheni 11,5% 0,75l",
    "productPriceOld": null,
    "productPrice": {
      "value": 13.89,
      "unit": "€/gab"
    },
    "productPricePerUnit": {
      "value": 18.52,
      "unit": "€/l"
    },
    "productPriceWithLoyaltyCard": null,
    "productPricePerUnitWithLoyaltyCard": null,
    "imageUrl": "https://rimibaltic-res.cloudinary.com/image/upload/d_ecommerce:backend-fallback.png/MAT_7250669_PCE_LV",
    "available": true,
    "discount": null
  },
  {
    "shop": "MAXIMA",
    "categories": [
      1,
      1001,
      1001003
    ],
    "productName": "Vīns ZONIN Valpolicella Classico12%750ml",
    "productPriceOld": null,
    "productPrice": {
      "value": 13.89,
      "unit": "€"
    },
    "productPricePerUnit": {
      "value": 18.52,
      "unit": "€/l"
    },
    "productPriceWithLoyaltyCard": null,
    "productPricePerUnitWithLoyaltyCard": null,
    "imageUrl": "https://cdn.barbora.lv/products/604d068e-3dab-4126-a35a-a44e7acc0833_s.png",
    "available": true,
    "discount": null
  },
  {
    "shop": "MAXIMA",
    "categories": [
      1,
      1001,
      1001003
    ],
    "productName": "Vīns TELIANI Valley Akhasheni 11,5%0,75L",
    "productPriceOld": null,
    "productPrice": {
      "value": 13.89,
      "unit": "€"
    },
    "productPricePerUnit": {
      "value": 18.52,
      "unit": "€/l"
    },
    "productPriceWithLoyaltyCard": null,
    "productPricePerUnitWithLoyaltyCard": null,
    "imageUrl": "https://cdn.barbora.lv/products/78e6a126-f9e6-454d-8ac0-31447ee13643_s.png",
    "available": true,
    "discount": null
  },
  {
    "shop": "MAXIMA",
    "categories": [
      1,
      1001,
      10010016
    ],
    "productName": "Degvīns JOHAN FREITAG 40% 0,5L",
    "productPriceOld": null,
    "productPrice": {
      "value": 9.26,
      "unit": "€"
    },
    "productPricePerUnit": {
      "value": 18.52,
      "unit": "€/l"
    },
    "productPriceWithLoyaltyCard": null,
    "productPricePerUnitWithLoyaltyCard": null,
    "imageUrl": "https://cdn.barbora.lv/products/77d609d8-e0f0-4b33-a347-4a6bffda699b_s.png",
    "available": true,
    "discount": null
  },
  {
    "shop": "MAXIMA",
    "categories": [
      2,
      2002
    ],
    "productName": "Torte Roko STABURADZE 750g",
    "productPriceOld": null,
    "productPrice": {
      "value": 13.89,
      "unit": "€"
    },
    "productPricePerUnit": {
      "value": 18.52,
      "unit": "€/kg"
    },
    "productPriceWithLoyaltyCard": null,
    "productPricePerUnitWithLoyaltyCard": null,
    "imageUrl": "https://cdn.barbora.lv/products/0da60302-3a08-4030-b689-7a3b8057c77f_s.png",
    "available": true,
    "discount": null
  },
  {
    "shop": "MAXIMA",
    "categories": [
      2,
      2007
    ],
    "productName": "Kēkss Brownies St Michel 210g",
    "productPriceOld": null,
    "productPrice": {
      "value": 3.89,
      "unit": "€"
    },
    "productPricePerUnit": {
      "value": 18.52,
      "unit": "€/kg"
    },
    "productPriceWithLoyaltyCard": null,
    "productPricePerUnitWithLoyaltyCard": null,
    "imageUrl": "https://cdn.barbora.lv/products/117b501e-8534-44df-b1de-50ca7ba3c62a_s.png",
    "available": true,
    "discount": null
  },
  {
    "shop": "RIMI",
    "categories": [
      2,
      2002
    ],
    "productName": "Torte Rīgas Melnā Balzama Upeņu 700g",
    "productPriceOld": {
      "value": 14.99,
      "unit": "€"
    },
    "productPrice": {
      "value": 12.99,
      "unit": "€/gab"
    },
    "productPricePerUnit": {
      "value": 18.56,
      "unit": "€/kg"
    },
    "productPriceWithLoyaltyCard": null,
    "productPricePerUnitWithLoyaltyCard": null,
    "imageUrl": "https://rimibaltic-res.cloudinary.com/image/upload/d_ecommerce:backend-fallback.png/MAT_951071_PCE_LV",
    "available": true,
    "discount": 13
  },
  {
    "shop": "RIMI",
    "categories": [
      1,
      1001,
      10010010
    ],
    "productName": "Brendijs J.P. Chenet Vsop 36% 0,7l",
    "productPriceOld": null,
    "productPrice": {
      "value": 17.35,
      "unit": "€/gab"
    },
    "productPricePerUnit": {
      "value": 24.79,
      "unit": "€/l"
    },
    "productPriceWithLoyaltyCard": {
      "value": 12.99,
      "unit": "€"
    },
    "productPricePerUnitWithLoyaltyCard": {
      "value": 18.56,
      "unit": "€/l"
    },
    "imageUrl": "https://rimibaltic-res.cloudinary.com/image/upload/d_ecommerce:backend-fallback.png/MAT_141200_PCE_LV",
    "available": true,
    "discount": 25
  },
  {
    "shop": "RIMI",
    "categories": [
      1,
      1001,
      1001009
    ],
    "productName": "Viskijs High Commissioner 40% 0,7l",
    "productPriceOld": null,
    "productPrice": {
      "value": 17.75,
      "unit": "€/gab"
    },
    "productPricePerUnit": {
      "value": 25.36,
      "unit": "€/l"
    },
    "productPriceWithLoyaltyCard": {
      "value": 12.99,
      "unit": "€"
    },
    "productPricePerUnitWithLoyaltyCard": {
      "value": 18.56,
      "unit": "€/l"
    },
    "imageUrl": "https://rimibaltic-res.cloudinary.com/image/upload/d_ecommerce:backend-fallback.png/MAT_134905_PCE_LV",
    "available": true,
    "discount": 27
  },
  {
    "shop": "RIMI",
    "categories": [
      1,
      1001,
      1001009
    ],
    "productName": "Viskijs Black Velvet Canadian 3 YO 40% 0,7l",
    "productPriceOld": null,
    "productPrice": {
      "value": 17.55,
      "unit": "€/gab"
    },
    "productPricePerUnit": {
      "value": 25.07,
      "unit": "€/l"
    },
    "productPriceWithLoyaltyCard": {
      "value": 12.99,
      "unit": "€"
    },
    "productPricePerUnitWithLoyaltyCard": {
      "value": 18.56,
      "unit": "€/l"
    },
    "imageUrl": "https://rimibaltic-res.cloudinary.com/image/upload/d_ecommerce:backend-fallback.png/MAT_696945_PCE_LV",
    "available": true,
    "discount": 26
  },
  {
    "shop": "MAXIMA",
    "categories": [
      1,
      1001,
      1001003
    ],
    "productName": "Vīns EL COTO RIOJA CRIANZA 13% 0,75L",
    "productPriceOld": null,
    "productPrice": {
      "value": 13.92,
      "unit": "€"
    },
    "productPricePerUnit": {
      "value": 18.56,
      "unit": "€/l"
    },
    "productPriceWithLoyaltyCard": null,
    "productPricePerUnitWithLoyaltyCard": null,
    "imageUrl": "https://cdn.barbora.lv/products/b4a4bb62-6efc-40fb-9cd6-a1520374eb31_s.png",
    "available": true,
    "discount": null
  },
  {
    "shop": "MAXIMA",
    "categories": [
      1,
      1001,
      1001009
    ],
    "productName": "Viskijs SCOTTISH LEADER 40% 0,7l",
    "productPriceOld": {
      "value": 19.78,
      "unit": "€"
    },
    "productPrice": {
      "value": 19.78,
      "unit": "€"
    },
    "productPricePerUnit": {
      "value": 28.26,
      "unit": "€/l"
    },
    "productPriceWithLoyaltyCard": {
      "value": 12.99,
      "unit": "€"
    },
    "productPricePerUnitWithLoyaltyCard": {
      "value": 18.56,
      "unit": "€/l"
    },
    "imageUrl": "https://cdn.barbora.lv/products/eed46fe8-e381-438f-a49d-d714e5e1e13b_s.png",
    "available": true,
    "discount": 34
  },
  {
    "shop": "MAXIMA",
    "categories": [
      1,
      1001,
      10010016
    ],
    "productName": "Degvīns KOSKENKORVA LEMON 37,5% 0,7L",
    "productPriceOld": {
      "value": 16.63,
      "unit": "€"
    },
    "productPrice": {
      "value": 16.63,
      "unit": "€"
    },
    "productPricePerUnit": {
      "value": 23.76,
      "unit": "€/l"
    },
    "productPriceWithLoyaltyCard": {
      "value": 12.99,
      "unit": "€"
    },
    "productPricePerUnitWithLoyaltyCard": {
      "value": 18.56,
      "unit": "€/l"
    },
    "imageUrl": "https://cdn.barbora.lv/products/284acb46-0a04-46da-8016-578ca61253a5_s.png",
    "available": true,
    "discount": 22
  },
  {
    "shop": "MAXIMA",
    "categories": [
      1,
      1001,
      10010016
    ],
    "productName": "Degvīns KOSKENKORVA 40% 0,7l",
    "productPriceOld": {
      "value": 17.84,
      "unit": "€"
    },
    "productPrice": {
      "value": 17.84,
      "unit": "€"
    },
    "productPricePerUnit": {
      "value": 25.49,
      "unit": "€/l"
    },
    "productPriceWithLoyaltyCard": {
      "value": 12.99,
      "unit": "€"
    },
    "productPricePerUnitWithLoyaltyCard": {
      "value": 18.56,
      "unit": "€/l"
    },
    "imageUrl": "https://cdn.barbora.lv/products/87132df3-a7ca-4886-8850-5fecf5f80961_s.png",
    "available": true,
    "discount": 27
  },
  {
    "shop": "MAXIMA",
    "categories": [
      1,
      1001,
      10010016
    ],
    "productName": "Degvīns STUMBRAS Dzērveņu 40% 0,7L",
    "productPriceOld": {
      "value": 18.25,
      "unit": "€"
    },
    "productPrice": {
      "value": 18.25,
      "unit": "€"
    },
    "productPricePerUnit": {
      "value": 26.07,
      "unit": "€/l"
    },
    "productPriceWithLoyaltyCard": {
      "value": 12.99,
      "unit": "€"
    },
    "productPricePerUnitWithLoyaltyCard": {
      "value": 18.56,
      "unit": "€/l"
    },
    "imageUrl": "https://cdn.barbora.lv/products/e9c627df-38b6-4ba6-851e-f76bfe427ffd_s.png",
    "available": true,
    "discount": 29
  },
  {
    "shop": "MAXIMA",
    "categories": [
      1,
      1001,
      10010019
    ],
    "productName": "Biters 999 THE NINES SWEET 35% 0,5l",
    "productPriceOld": null,
    "productPrice": {
      "value": 9.28,
      "unit": "€"
    },
    "productPricePerUnit": {
      "value": 18.56,
      "unit": "€/l"
    },
    "productPriceWithLoyaltyCard": null,
    "productPricePerUnitWithLoyaltyCard": null,
    "imageUrl": "https://cdn.barbora.lv/products/7328196d-93e2-4af4-826c-71aa195a2068_s.png",
    "available": true,
    "discount": null
  },
  {
    "shop": "MAXIMA",
    "categories": [
      1,
      1001,
      10010019
    ],
    "productName": "Biters 999 THE NINES CITRUS 35% 0,5l",
    "productPriceOld": null,
    "productPrice": {
      "value": 9.28,
      "unit": "€"
    },
    "productPricePerUnit": {
      "value": 18.56,
      "unit": "€/l"
    },
    "productPriceWithLoyaltyCard": null,
    "productPricePerUnitWithLoyaltyCard": null,
    "imageUrl": "https://cdn.barbora.lv/products/3dda74d7-8cff-4a2d-9c26-40a327832142_s.png",
    "available": true,
    "discount": null
  },
  {
    "shop": "MAXIMA",
    "categories": [
      1,
      1001,
      10010016
    ],
    "productName": "Degvīns KOSKENKORVA BLUEBERRY 37,5% 0,7L",
    "productPriceOld": {
      "value": 16.63,
      "unit": "€"
    },
    "productPrice": {
      "value": 16.63,
      "unit": "€"
    },
    "productPricePerUnit": {
      "value": 23.76,
      "unit": "€/l"
    },
    "productPriceWithLoyaltyCard": {
      "value": 12.99,
      "unit": "€"
    },
    "productPricePerUnitWithLoyaltyCard": {
      "value": 18.56,
      "unit": "€/l"
    },
    "imageUrl": "https://cdn.barbora.lv/products/d83d5947-5391-441b-9da6-0c37be0da632_s.png",
    "available": true,
    "discount": 22
  },
  {
    "shop": "MAXIMA",
    "categories": [
      1,
      1001,
      10010016
    ],
    "productName": "Degvīns STUMBRAS VODKA40% 0,7L",
    "productPriceOld": {
      "value": 18.25,
      "unit": "€"
    },
    "productPrice": {
      "value": 18.25,
      "unit": "€"
    },
    "productPricePerUnit": {
      "value": 26.07,
      "unit": "€/l"
    },
    "productPriceWithLoyaltyCard": {
      "value": 12.99,
      "unit": "€"
    },
    "productPricePerUnitWithLoyaltyCard": {
      "value": 18.56,
      "unit": "€/l"
    },
    "imageUrl": "https://cdn.barbora.lv/products/72565ac3-4049-41bc-b0df-006488aa7399_s.png",
    "available": true,
    "discount": 29
  },
  {
    "shop": "MAXIMA",
    "categories": [
      1,
      1001,
      10010016
    ],
    "productName": "Degvīns KOSKENKORVA RASP.PINE 37,5% 0,7L",
    "productPriceOld": {
      "value": 16.63,
      "unit": "€"
    },
    "productPrice": {
      "value": 16.63,
      "unit": "€"
    },
    "productPricePerUnit": {
      "value": 23.76,
      "unit": "€/l"
    },
    "productPriceWithLoyaltyCard": {
      "value": 12.99,
      "unit": "€"
    },
    "productPricePerUnitWithLoyaltyCard": {
      "value": 18.56,
      "unit": "€/l"
    },
    "imageUrl": "https://cdn.barbora.lv/products/0bb877ab-9a0a-44f9-9681-964d06ade6d0_s.png",
    "available": true,
    "discount": 22
  },
  {
    "shop": "CITRO",
    "categories": [
      1,
      1001,
      10010016
    ],
    "productName": "DEGVĪNS MOSKOVSKAJA OSOBAJA 40% 0.7L",
    "productPriceOld": null,
    "productPrice": null,
    "productPricePerUnit": {
      "value": 18.56,
      "unit": "€/L"
    },
    "productPriceWithLoyaltyCard": null,
    "productPricePerUnitWithLoyaltyCard": null,
    "imageUrl": "https://rezekne.citro.lv/wp-content/uploads/2022/01/4750021210341-300x300.jpg",
    "available": true,
    "discount": null
  },
  {
    "shop": "CITRO",
    "categories": [
      1,
      1001,
      1001007
    ],
    "productName": "RUMS BARBUDA RUM BLACK 37.5% 0.7L",
    "productPriceOld": {
      "value": 13.59,
      "unit": "€"
    },
    "productPrice": {
      "value": 12.99,
      "unit": "€"
    },
    "productPricePerUnit": {
      "value": 18.56,
      "unit": "€/L"
    },
    "productPriceWithLoyaltyCard": null,
    "productPricePerUnitWithLoyaltyCard": null,
    "imageUrl": "https://rezekne.citro.lv/wp-content/uploads/2021/02/4740034015613-300x300.jpg",
    "available": true,
    "discount": 4
  },
  {
    "shop": "CITRO",
    "categories": [
      1,
      1001,
      1001009
    ],
    "productName": "VISKIJS BLACK RAM 40% 0.7L",
    "productPriceOld": {
      "value": 15.99,
      "unit": "€"
    },
    "productPrice": {
      "value": 12.99,
      "unit": "€"
    },
    "productPricePerUnit": {
      "value": 18.56,
      "unit": "€/L"
    },
    "productPriceWithLoyaltyCard": null,
    "productPricePerUnitWithLoyaltyCard": null,
    "imageUrl": "https://rezekne.citro.lv/wp-content/uploads/2021/03/3800032070302-300x300.jpg",
    "available": true,
    "discount": 19
  },
  {
    "shop": "RIMI",
    "categories": [
      2,
      2007
    ],
    "productName": "Kēksi Magdalenas ar šokolādes pild.35g",
    "productPriceOld": null,
    "productPrice": {
      "value": 0.65,
      "unit": "€/gab"
    },
    "productPricePerUnit": {
      "value": 18.57,
      "unit": "€/kg"
    },
    "productPriceWithLoyaltyCard": null,
    "productPricePerUnitWithLoyaltyCard": null,
    "imageUrl": "https://rimibaltic-res.cloudinary.com/image/upload/d_ecommerce:backend-fallback.png/MAT_956195_PCE_LV",
    "available": true,
    "discount": null
  },
  {
    "shop": "RIMI",
    "categories": [
      2,
      2007
    ],
    "productName": "Kēksi Magdalenas ar zemeņu pild.35",
    "productPriceOld": null,
    "productPrice": {
      "value": 0.65,
      "unit": "€/gab"
    },
    "productPricePerUnit": {
      "value": 18.57,
      "unit": "€/kg"
    },
    "productPriceWithLoyaltyCard": null,
    "productPricePerUnitWithLoyaltyCard": null,
    "imageUrl": "https://rimibaltic-res.cloudinary.com/image/upload/d_ecommerce:backend-fallback.png/MAT_956194_PCE_LV",
    "available": true,
    "discount": null
  },
  {
    "shop": "RIMI",
    "categories": [
      1,
      1001,
      10010013
    ],
    "productName": "Uzlējums Piparu Rūgtais medus 35% 0,5l",
    "productPriceOld": null,
    "productPrice": {
      "value": 9.29,
      "unit": "€/gab"
    },
    "productPricePerUnit": {
      "value": 18.58,
      "unit": "€/l"
    },
    "productPriceWithLoyaltyCard": null,
    "productPricePerUnitWithLoyaltyCard": null,
    "imageUrl": "https://rimibaltic-res.cloudinary.com/image/upload/d_ecommerce:backend-fallback.png/MAT_1374646_PCE_LV",
    "available": true,
    "discount": null
  },
  {
    "shop": "MAXIMA",
    "categories": [
      1,
      1001,
      10010016
    ],
    "productName": "Degv.LATVIJAS ORIĢINĀLAIS 37,5% 0,5L D",
    "productPriceOld": null,
    "productPrice": {
      "value": 9.29,
      "unit": "€"
    },
    "productPricePerUnit": {
      "value": 18.58,
      "unit": "€/l"
    },
    "productPriceWithLoyaltyCard": null,
    "productPricePerUnitWithLoyaltyCard": null,
    "imageUrl": "https://cdn.barbora.lv/products/7c2adcab-3e3b-4c8c-990a-f0ada757f115_s.png",
    "available": true,
    "discount": null
  },
  {
    "shop": "MAXIMA",
    "categories": [
      1,
      1001,
      10010013
    ],
    "productName": "Uzlējums PIPARU RŪGTAIS 35% 0,5L D",
    "productPriceOld": null,
    "productPrice": {
      "value": 9.29,
      "unit": "€"
    },
    "productPricePerUnit": {
      "value": 18.58,
      "unit": "€/l"
    },
    "productPriceWithLoyaltyCard": null,
    "productPricePerUnitWithLoyaltyCard": null,
    "imageUrl": "https://cdn.barbora.lv/products/f88f0bb0-8cff-4a6d-8928-cd058fd31f9c_s.png",
    "available": true,
    "discount": null
  },
  {
    "shop": "MAXIMA",
    "categories": [
      1,
      1001,
      10010016
    ],
    "productName": "Degvīns FIVE LAKES 40% 0,5l",
    "productPriceOld": {
      "value": 10.43,
      "unit": "€"
    },
    "productPrice": {
      "value": 9.29,
      "unit": "€"
    },
    "productPricePerUnit": {
      "value": 18.58,
      "unit": "€/l"
    },
    "productPriceWithLoyaltyCard": null,
    "productPricePerUnitWithLoyaltyCard": null,
    "imageUrl": "https://cdn.barbora.lv/products/f39d2da4-9df3-4515-a6f3-1cf68b719c9f_s.png",
    "available": true,
    "discount": 11
  },
  {
    "shop": "MAXIMA",
    "categories": [
      1,
      1001,
      10010016
    ],
    "productName": "Degvīns FIVE LAKES Special 40% 0,5L",
    "productPriceOld": {
      "value": 10.43,
      "unit": "€"
    },
    "productPrice": {
      "value": 9.29,
      "unit": "€"
    },
    "productPricePerUnit": {
      "value": 18.58,
      "unit": "€/l"
    },
    "productPriceWithLoyaltyCard": null,
    "productPricePerUnitWithLoyaltyCard": null,
    "imageUrl": "https://cdn.barbora.lv/products/069fb03e-7239-4d22-94a3-f36c86555b0f_s.png",
    "available": true,
    "discount": 11
  },
  {
    "shop": "MAXIMA",
    "categories": [
      1,
      1001,
      10010016
    ],
    "productName": "Degvīns KŅAŽIČI 40% 0,5L",
    "productPriceOld": null,
    "productPrice": {
      "value": 9.3,
      "unit": "€"
    },
    "productPricePerUnit": {
      "value": 18.6,
      "unit": "€/l"
    },
    "productPriceWithLoyaltyCard": null,
    "productPricePerUnitWithLoyaltyCard": null,
    "imageUrl": "https://cdn.barbora.lv/products/d99b97b2-d122-40a3-b16f-4a4e1520509b_s.png",
    "available": true,
    "discount": null
  },
  {
    "shop": "RIMI",
    "categories": [
      1,
      1001,
      1001003
    ],
    "productName": "S.v. Edna Valley Cabernet Sauvignon 14% 0,75l",
    "productPriceOld": null,
    "productPrice": {
      "value": 19.69,
      "unit": "€/gab"
    },
    "productPricePerUnit": {
      "value": 26.25,
      "unit": "€/l"
    },
    "productPriceWithLoyaltyCard": {
      "value": 13.99,
      "unit": "€"
    },
    "productPricePerUnitWithLoyaltyCard": {
      "value": 18.65,
      "unit": "€/l"
    },
    "imageUrl": "https://rimibaltic-res.cloudinary.com/image/upload/d_ecommerce:backend-fallback.png/MAT_7239718_PCE_LV",
    "available": true,
    "discount": 29
  },
  {
    "shop": "RIMI",
    "categories": [
      1,
      1001,
      1001003
    ],
    "productName": "B.v. Edna Valley Chardonnay 14% 0,75l",
    "productPriceOld": null,
    "productPrice": {
      "value": 19.69,
      "unit": "€/gab"
    },
    "productPricePerUnit": {
      "value": 26.25,
      "unit": "€/l"
    },
    "productPriceWithLoyaltyCard": {
      "value": 13.99,
      "unit": "€"
    },
    "productPricePerUnitWithLoyaltyCard": {
      "value": 18.65,
      "unit": "€/l"
    },
    "imageUrl": "https://rimibaltic-res.cloudinary.com/image/upload/d_ecommerce:backend-fallback.png/MAT_7239717_PCE_LV",
    "available": true,
    "discount": 29
  },
  {
    "shop": "RIMI",
    "categories": [
      1,
      1001,
      1001003
    ],
    "productName": "B.v. Edna Valley Chardonnay 14% 0,75l",
    "productPriceOld": null,
    "productPrice": {
      "value": 19.69,
      "unit": "€/gab"
    },
    "productPricePerUnit": {
      "value": 26.25,
      "unit": "€/l"
    },
    "productPriceWithLoyaltyCard": {
      "value": 13.99,
      "unit": "€"
    },
    "productPricePerUnitWithLoyaltyCard": {
      "value": 18.65,
      "unit": "€/l"
    },
    "imageUrl": "https://rimibaltic-res.cloudinary.com/image/upload/d_ecommerce:backend-fallback.png/MAT_7239717_PCE_LV",
    "available": true,
    "discount": 29
  },
  {
    "shop": "RIMI",
    "categories": [
      1,
      1001,
      1001003
    ],
    "productName": "S.v. Sensi Chianti Riserva 14,5% 0,75l",
    "productPriceOld": null,
    "productPrice": {
      "value": 20.19,
      "unit": "€/gab"
    },
    "productPricePerUnit": {
      "value": 26.92,
      "unit": "€/l"
    },
    "productPriceWithLoyaltyCard": {
      "value": 13.99,
      "unit": "€"
    },
    "productPricePerUnitWithLoyaltyCard": {
      "value": 18.65,
      "unit": "€/l"
    },
    "imageUrl": "https://rimibaltic-res.cloudinary.com/image/upload/d_ecommerce:backend-fallback.png/MAT_7193739_PCE_LV",
    "available": true,
    "discount": 31
  },
  {
    "shop": "RIMI",
    "categories": [
      1,
      1001,
      1001003
    ],
    "productName": "S.v. Sensi Chianti Riserva 14,5% 0,75l",
    "productPriceOld": null,
    "productPrice": {
      "value": 20.19,
      "unit": "€/gab"
    },
    "productPricePerUnit": {
      "value": 26.92,
      "unit": "€/l"
    },
    "productPriceWithLoyaltyCard": {
      "value": 13.99,
      "unit": "€"
    },
    "productPricePerUnitWithLoyaltyCard": {
      "value": 18.65,
      "unit": "€/l"
    },
    "imageUrl": "https://rimibaltic-res.cloudinary.com/image/upload/d_ecommerce:backend-fallback.png/MAT_7193739_PCE_LV",
    "available": true,
    "discount": 31
  },
  {
    "shop": "RIMI",
    "categories": [
      1,
      1001,
      1001003
    ],
    "productName": "Baltvīns Choya Original 10% 0,75l",
    "productPriceOld": null,
    "productPrice": {
      "value": 13.99,
      "unit": "€/gab"
    },
    "productPricePerUnit": {
      "value": 18.65,
      "unit": "€/l"
    },
    "productPriceWithLoyaltyCard": null,
    "productPricePerUnitWithLoyaltyCard": null,
    "imageUrl": "https://rimibaltic-res.cloudinary.com/image/upload/d_ecommerce:backend-fallback.png/MAT_7019104_PCE_LV",
    "available": true,
    "discount": null
  },
  {
    "shop": "MAXIMA",
    "categories": [
      1,
      1001,
      1001003
    ],
    "productName": "Vīns JUAN GIL Monas.Jumilla DO 15% 0,75L",
    "productPriceOld": {
      "value": 23.29,
      "unit": "€"
    },
    "productPrice": {
      "value": 23.29,
      "unit": "€"
    },
    "productPricePerUnit": {
      "value": 31.05,
      "unit": "€/l"
    },
    "productPriceWithLoyaltyCard": {
      "value": 13.99,
      "unit": "€"
    },
    "productPricePerUnitWithLoyaltyCard": {
      "value": 18.65,
      "unit": "€/l"
    },
    "imageUrl": "https://cdn.barbora.lv/products/7ca7f9ba-3042-4b95-b3fd-8f8a7e23c40e_s.png",
    "available": true,
    "discount": 40
  },
  {
    "shop": "MAXIMA",
    "categories": [
      1,
      1001,
      1001003
    ],
    "productName": "Vīns CODORNIU Chardonnay BIO 13% 0,75L",
    "productPriceOld": null,
    "productPrice": {
      "value": 13.99,
      "unit": "€"
    },
    "productPricePerUnit": {
      "value": 18.65,
      "unit": "€/l"
    },
    "productPriceWithLoyaltyCard": null,
    "productPricePerUnitWithLoyaltyCard": null,
    "imageUrl": "https://cdn.barbora.lv/products/4c418742-b9bb-4d63-9753-92f42a52dd2c_s.png",
    "available": true,
    "discount": null
  },
  {
    "shop": "MAXIMA",
    "categories": [
      1,
      1001,
      1001003
    ],
    "productName": "Vīns B&G Bordeaux Reserva Blanc 12%750ml",
    "productPriceOld": null,
    "productPrice": {
      "value": 13.99,
      "unit": "€"
    },
    "productPricePerUnit": {
      "value": 18.65,
      "unit": "€/l"
    },
    "productPriceWithLoyaltyCard": null,
    "productPricePerUnitWithLoyaltyCard": null,
    "imageUrl": "https://cdn.barbora.lv/products/16232ebb-9598-4390-9225-00663f442836_s.png",
    "available": true,
    "discount": null
  },
  {
    "shop": "MAXIMA",
    "categories": [
      1,
      1001,
      1001003
    ],
    "productName": "Vīns BERINGER Zinfandel Rose 9,5% 0,75L",
    "productPriceOld": null,
    "productPrice": {
      "value": 13.99,
      "unit": "€"
    },
    "productPricePerUnit": {
      "value": 18.65,
      "unit": "€/l"
    },
    "productPriceWithLoyaltyCard": null,
    "productPricePerUnitWithLoyaltyCard": null,
    "imageUrl": "https://cdn.barbora.lv/products/c584d23e-5e8f-4316-98f5-49e78b6ae71b_s.png",
    "available": true,
    "discount": null
  },
  {
    "shop": "MAXIMA",
    "categories": [
      1,
      1001,
      1001003
    ],
    "productName": "Vīns BERINGER Clas.Chardonnay 13% 0,75L",
    "productPriceOld": null,
    "productPrice": {
      "value": 13.99,
      "unit": "€"
    },
    "productPricePerUnit": {
      "value": 18.65,
      "unit": "€/l"
    },
    "productPriceWithLoyaltyCard": null,
    "productPricePerUnitWithLoyaltyCard": null,
    "imageUrl": "https://cdn.barbora.lv/products/0223ae9a-7c95-4933-ac50-949f182aa4dd_s.png",
    "available": true,
    "discount": null
  },
  {
    "shop": "MAXIMA",
    "categories": [
      1,
      1001,
      1001003
    ],
    "productName": "Vīns BERINGER Clas.Zinfandel 14,5% 0,75L",
    "productPriceOld": null,
    "productPrice": {
      "value": 13.99,
      "unit": "€"
    },
    "productPricePerUnit": {
      "value": 18.65,
      "unit": "€/l"
    },
    "productPriceWithLoyaltyCard": null,
    "productPricePerUnitWithLoyaltyCard": null,
    "imageUrl": "https://cdn.barbora.lv/products/cfada41b-2a8b-4d4f-a6c8-cdd398baaf2e_s.png",
    "available": true,
    "discount": null
  },
  {
    "shop": "RIMI",
    "categories": [
      1,
      1001,
      1001003
    ],
    "productName": "Baltvīns Zantho Grüner Veltliner 12% 0,25l",
    "productPriceOld": null,
    "productPrice": {
      "value": 4.69,
      "unit": "€/gab"
    },
    "productPricePerUnit": {
      "value": 18.76,
      "unit": "€/l"
    },
    "productPriceWithLoyaltyCard": null,
    "productPricePerUnitWithLoyaltyCard": null,
    "imageUrl": "https://rimibaltic-res.cloudinary.com/image/upload/d_ecommerce:backend-fallback.png/MAT_7234114_PCE_LV",
    "available": true,
    "discount": null
  },
  {
    "shop": "RIMI",
    "categories": [
      1,
      1001,
      1001003
    ],
    "productName": "Sarkanvīns Zantho Zweigelt 13% 0,25l",
    "productPriceOld": null,
    "productPrice": {
      "value": 4.69,
      "unit": "€/gab"
    },
    "productPricePerUnit": {
      "value": 18.76,
      "unit": "€/l"
    },
    "productPriceWithLoyaltyCard": null,
    "productPricePerUnitWithLoyaltyCard": null,
    "imageUrl": "https://rimibaltic-res.cloudinary.com/image/upload/d_ecommerce:backend-fallback.png/MAT_7234132_PCE_LV",
    "available": true,
    "discount": null
  },
  {
    "shop": "RIMI",
    "categories": [
      1,
      1001,
      1001003
    ],
    "productName": "B.v. Rupper. Hofstück Riesling 11% 0,25l",
    "productPriceOld": null,
    "productPrice": {
      "value": 4.69,
      "unit": "€/gab"
    },
    "productPricePerUnit": {
      "value": 18.76,
      "unit": "€/l"
    },
    "productPriceWithLoyaltyCard": null,
    "productPricePerUnitWithLoyaltyCard": null,
    "imageUrl": "https://rimibaltic-res.cloudinary.com/image/upload/d_ecommerce:backend-fallback.png/MAT_7194094_PCE_LV",
    "available": true,
    "discount": null
  },
  {
    "shop": "MAXIMA",
    "categories": [
      1,
      1001,
      1001003
    ],
    "productName": "Vīns ERRAZUR.Cabarn.Sauv.sark.13,5%0,75L",
    "productPriceOld": null,
    "productPrice": {
      "value": 14.09,
      "unit": "€"
    },
    "productPricePerUnit": {
      "value": 18.79,
      "unit": "€/l"
    },
    "productPriceWithLoyaltyCard": null,
    "productPricePerUnitWithLoyaltyCard": null,
    "imageUrl": "https://cdn.barbora.lv/products/fdf8b252-002a-4b76-992e-90c7ff182b6e_s.png",
    "available": true,
    "discount": null
  },
  {
    "shop": "MAXIMA",
    "categories": [
      1,
      1001,
      10010016
    ],
    "productName": "Degvīns KUPEČESKAJA 40% 0,7l",
    "productPriceOld": null,
    "productPrice": {
      "value": 13.18,
      "unit": "€"
    },
    "productPricePerUnit": {
      "value": 18.83,
      "unit": "€/l"
    },
    "productPriceWithLoyaltyCard": null,
    "productPricePerUnitWithLoyaltyCard": null,
    "imageUrl": "https://cdn.barbora.lv/products/49613455-f7d6-46a7-ae45-823be9282190_s.png",
    "available": true,
    "discount": null
  },
  {
    "shop": "MAXIMA",
    "categories": [
      2,
      2001,
      20010015
    ],
    "productName": "Rīsu gal.KUPIEC piena šok. un karam.90g",
    "productPriceOld": {
      "value": 1.65,
      "unit": "€"
    },
    "productPrice": {
      "value": 1.32,
      "unit": "€"
    },
    "productPricePerUnit": {
      "value": 18.86,
      "unit": "€/kg"
    },
    "productPriceWithLoyaltyCard": null,
    "productPricePerUnitWithLoyaltyCard": null,
    "imageUrl": "https://cdn.barbora.lv/products/d9ee8cc2-3532-40cb-8300-f8b41716f520_s.png",
    "available": true,
    "discount": 20
  },
  {
    "shop": "RIMI",
    "categories": [
      1,
      1001,
      1001006
    ],
    "productName": "Vermuts Martini Bianco 15% 0,75l",
    "productPriceOld": null,
    "productPrice": {
      "value": 14.15,
      "unit": "€/gab"
    },
    "productPricePerUnit": {
      "value": 18.87,
      "unit": "€/l"
    },
    "productPriceWithLoyaltyCard": null,
    "productPricePerUnitWithLoyaltyCard": null,
    "imageUrl": "https://rimibaltic-res.cloudinary.com/image/upload/d_ecommerce:backend-fallback.png/MAT_460365_PCE_LV",
    "available": true,
    "discount": null
  },
  {
    "shop": "RIMI",
    "categories": [
      1,
      1001,
      1001006
    ],
    "productName": "Vermuts Martini Bianco 15% 0,75l",
    "productPriceOld": null,
    "productPrice": {
      "value": 14.15,
      "unit": "€/gab"
    },
    "productPricePerUnit": {
      "value": 18.87,
      "unit": "€/l"
    },
    "productPriceWithLoyaltyCard": null,
    "productPricePerUnitWithLoyaltyCard": null,
    "imageUrl": "https://rimibaltic-res.cloudinary.com/image/upload/d_ecommerce:backend-fallback.png/MAT_460365_PCE_LV",
    "available": true,
    "discount": null
  },
  {
    "shop": "MAXIMA",
    "categories": [
      1,
      1001,
      10010013
    ],
    "productName": "Liķieris MALIBU 21% 0,7l",
    "productPriceOld": null,
    "productPrice": {
      "value": 13.21,
      "unit": "€"
    },
    "productPricePerUnit": {
      "value": 18.87,
      "unit": "€/l"
    },
    "productPriceWithLoyaltyCard": null,
    "productPricePerUnitWithLoyaltyCard": null,
    "imageUrl": "https://cdn.barbora.lv/products/9ea00fbf-6344-4b8f-a02d-4a4bfd24e5f8_s.png",
    "available": true,
    "discount": null
  },
  {
    "shop": "RIMI",
    "categories": [
      1,
      1001,
      1001003
    ],
    "productName": "S.v. Chocolate Tube Primitivo 12,5% 0,75l",
    "productPriceOld": null,
    "productPrice": {
      "value": 14.19,
      "unit": "€/gab"
    },
    "productPricePerUnit": {
      "value": 18.92,
      "unit": "€/l"
    },
    "productPriceWithLoyaltyCard": null,
    "productPricePerUnitWithLoyaltyCard": null,
    "imageUrl": "https://rimibaltic-res.cloudinary.com/image/upload/d_ecommerce:backend-fallback.png/MAT_7147022_PCE_LV",
    "available": true,
    "discount": null
  },
  {
    "shop": "RIMI",
    "categories": [
      1,
      1001,
      1001003
    ],
    "productName": "S.v. Big Game Malbec Syrah Org. 14,5% 0,75l",
    "productPriceOld": null,
    "productPrice": {
      "value": 14.19,
      "unit": "€/gab"
    },
    "productPricePerUnit": {
      "value": 18.92,
      "unit": "€/l"
    },
    "productPriceWithLoyaltyCard": null,
    "productPricePerUnitWithLoyaltyCard": null,
    "imageUrl": "https://rimibaltic-res.cloudinary.com/image/upload/d_ecommerce:backend-fallback.png/MAT_7214691_PCE_LV",
    "available": true,
    "discount": null
  },
  {
    "shop": "RIMI",
    "categories": [
      1,
      1001,
      1001004
    ],
    "productName": "Dz.v. La Gioiosa Prosecco Rose 11% 0,75l",
    "productPriceOld": null,
    "productPrice": {
      "value": 14.19,
      "unit": "€/gab"
    },
    "productPricePerUnit": {
      "value": 18.92,
      "unit": "€/l"
    },
    "productPriceWithLoyaltyCard": null,
    "productPricePerUnitWithLoyaltyCard": null,
    "imageUrl": "https://rimibaltic-res.cloudinary.com/image/upload/d_ecommerce:backend-fallback.png/MAT_7246272_PCE_LV",
    "available": true,
    "discount": null
  },
  {
    "shop": "RIMI",
    "categories": [
      1,
      1001,
      1001004
    ],
    "productName": "Dz.v. La Gioiosa Prosecco Rose 11% 0,75l",
    "productPriceOld": null,
    "productPrice": {
      "value": 14.19,
      "unit": "€/gab"
    },
    "productPricePerUnit": {
      "value": 18.92,
      "unit": "€/l"
    },
    "productPriceWithLoyaltyCard": null,
    "productPricePerUnitWithLoyaltyCard": null,
    "imageUrl": "https://rimibaltic-res.cloudinary.com/image/upload/d_ecommerce:backend-fallback.png/MAT_7246272_PCE_LV",
    "available": true,
    "discount": null
  },
  {
    "shop": "RIMI",
    "categories": [
      1,
      1001,
      1001003
    ],
    "productName": "S.v. Simonsig Pinotage 13,5% 0,75l",
    "productPriceOld": null,
    "productPrice": {
      "value": 14.19,
      "unit": "€/gab"
    },
    "productPricePerUnit": {
      "value": 18.92,
      "unit": "€/l"
    },
    "productPriceWithLoyaltyCard": null,
    "productPricePerUnitWithLoyaltyCard": null,
    "imageUrl": "https://rimibaltic-res.cloudinary.com/image/upload/d_ecommerce:backend-fallback.png/MAT_460858_PCE_LV",
    "available": true,
    "discount": null
  },
  {
    "shop": "RIMI",
    "categories": [
      1,
      1001,
      1001004
    ],
    "productName": "BIO dz. vīns Mionetto Prosecco 11% 0,75l",
    "productPriceOld": null,
    "productPrice": {
      "value": 14.19,
      "unit": "€/gab"
    },
    "productPricePerUnit": {
      "value": 18.92,
      "unit": "€/l"
    },
    "productPriceWithLoyaltyCard": null,
    "productPricePerUnitWithLoyaltyCard": null,
    "imageUrl": "https://rimibaltic-res.cloudinary.com/image/upload/d_ecommerce:backend-fallback.png/MAT_7285064_PCE_LV",
    "available": true,
    "discount": null
  },
  {
    "shop": "RIMI",
    "categories": [
      1,
      1001,
      1001003
    ],
    "productName": "S.v.Sicilia Nero D'avola-Syrah BIO 14% 0,75l",
    "productPriceOld": null,
    "productPrice": {
      "value": 14.19,
      "unit": "€/gab"
    },
    "productPricePerUnit": {
      "value": 18.92,
      "unit": "€/l"
    },
    "productPriceWithLoyaltyCard": null,
    "productPricePerUnitWithLoyaltyCard": null,
    "imageUrl": "https://rimibaltic-res.cloudinary.com/image/upload/d_ecommerce:backend-fallback.png/MAT_7287995_PCE_LV",
    "available": true,
    "discount": null
  },
  {
    "shop": "RIMI",
    "categories": [
      1,
      1001,
      1001003
    ],
    "productName": "S.v. Campo Viejo Reserva 12,5% 0,75l",
    "productPriceOld": null,
    "productPrice": {
      "value": 14.19,
      "unit": "€/gab"
    },
    "productPricePerUnit": {
      "value": 18.92,
      "unit": "€/l"
    },
    "productPriceWithLoyaltyCard": null,
    "productPricePerUnitWithLoyaltyCard": null,
    "imageUrl": "https://rimibaltic-res.cloudinary.com/image/upload/d_ecommerce:backend-fallback.png/MAT_732725_PCE_LV",
    "available": true,
    "discount": null
  },
  {
    "shop": "MAXIMA",
    "categories": [
      1,
      1001,
      1001003
    ],
    "productName": "Dzirkst.vīns CALVET Cremant 12% 0,75L",
    "productPriceOld": null,
    "productPrice": {
      "value": 14.19,
      "unit": "€"
    },
    "productPricePerUnit": {
      "value": 18.92,
      "unit": "€/l"
    },
    "productPriceWithLoyaltyCard": null,
    "productPricePerUnitWithLoyaltyCard": null,
    "imageUrl": "https://cdn.barbora.lv/products/34d2bd68-8446-4685-bddc-90908d6fb3a2_s.png",
    "available": true,
    "discount": null
  },
  {
    "shop": "MAXIMA",
    "categories": [
      1,
      1001,
      1001003
    ],
    "productName": "Vīns MAORI BAY SAUVIGNON 12,5% 0,75l",
    "productPriceOld": null,
    "productPrice": {
      "value": 14.19,
      "unit": "€"
    },
    "productPricePerUnit": {
      "value": 18.92,
      "unit": "€/l"
    },
    "productPriceWithLoyaltyCard": null,
    "productPricePerUnitWithLoyaltyCard": null,
    "imageUrl": "https://cdn.barbora.lv/products/588d44cc-0e44-46b1-a9ee-3c69fd599364_s.png",
    "available": true,
    "discount": null
  },
  {
    "shop": "MAXIMA",
    "categories": [
      1,
      1001,
      1001003
    ],
    "productName": "Vīns CUEVA DE LOBOS Crianza 14% 0,75L",
    "productPriceOld": null,
    "productPrice": {
      "value": 14.19,
      "unit": "€"
    },
    "productPricePerUnit": {
      "value": 18.92,
      "unit": "€/l"
    },
    "productPriceWithLoyaltyCard": null,
    "productPricePerUnitWithLoyaltyCard": null,
    "imageUrl": "https://cdn.barbora.lv/products/d9744552-2f1f-42bf-9e87-70ac9ac52cf4_s.png",
    "available": true,
    "discount": null
  },
  {
    "shop": "MAXIMA",
    "categories": [
      1,
      1001,
      10010016
    ],
    "productName": "Degvīns Dzērveņu NORDIK 32% 0,5L",
    "productPriceOld": null,
    "productPrice": {
      "value": 9.47,
      "unit": "€"
    },
    "productPricePerUnit": {
      "value": 18.94,
      "unit": "€/l"
    },
    "productPriceWithLoyaltyCard": null,
    "productPricePerUnitWithLoyaltyCard": null,
    "imageUrl": "https://cdn.barbora.lv/products/040bf0cd-1647-4a0e-815f-471d4c8d3a85_s.png",
    "available": true,
    "discount": null
  },
  {
    "shop": "MAXIMA",
    "categories": [
      1,
      1001,
      1001003
    ],
    "productName": "Vīns VILLA ANTINORI TOSCANA 12% 0,75L",
    "productPriceOld": null,
    "productPrice": {
      "value": 14.21,
      "unit": "€"
    },
    "productPricePerUnit": {
      "value": 18.95,
      "unit": "€/l"
    },
    "productPriceWithLoyaltyCard": null,
    "productPricePerUnitWithLoyaltyCard": null,
    "imageUrl": "https://cdn.barbora.lv/products/197fffff-d821-4e14-bf4d-d0f5eb5e7630_s.png",
    "available": true,
    "discount": null
  },
  {
    "shop": "MAXIMA",
    "categories": [
      1,
      1001,
      10010016
    ],
    "productName": "Degvīns STUMBRAS dzērveņu 40% 0,2L",
    "productPriceOld": {
      "value": 4.81,
      "unit": "€"
    },
    "productPrice": {
      "value": 4.81,
      "unit": "€"
    },
    "productPricePerUnit": {
      "value": 24.05,
      "unit": "€/l"
    },
    "productPriceWithLoyaltyCard": {
      "value": 3.79,
      "unit": "€"
    },
    "productPricePerUnitWithLoyaltyCard": {
      "value": 18.95,
      "unit": "€/l"
    },
    "imageUrl": "https://cdn.barbora.lv/products/3a7c3da6-384d-4d9c-96b3-78e70bb3b652_s.png",
    "available": true,
    "discount": 21
  },
  {
    "shop": "MAXIMA",
    "categories": [
      1,
      1001,
      10010016
    ],
    "productName": "Degvīns STUMBRAS VODKA 40% 0,2L",
    "productPriceOld": {
      "value": 4.81,
      "unit": "€"
    },
    "productPrice": {
      "value": 4.81,
      "unit": "€"
    },
    "productPricePerUnit": {
      "value": 24.05,
      "unit": "€/l"
    },
    "productPriceWithLoyaltyCard": {
      "value": 3.79,
      "unit": "€"
    },
    "productPricePerUnitWithLoyaltyCard": {
      "value": 18.95,
      "unit": "€/l"
    },
    "imageUrl": "https://cdn.barbora.lv/products/37c8d96b-dd1b-480f-8ea5-9c092e357312_s.png",
    "available": true,
    "discount": 21
  },
  {
    "shop": "CITRO",
    "categories": [
      1,
      1001,
      10010016
    ],
    "productName": "DEGVĪNS MOSKOVSKAYA OSOBAJA 40% 0.5L",
    "productPriceOld": null,
    "productPrice": null,
    "productPricePerUnit": {
      "value": 18.98,
      "unit": "€/L"
    },
    "productPriceWithLoyaltyCard": null,
    "productPricePerUnitWithLoyaltyCard": null,
    "imageUrl": "https://rezekne.citro.lv/wp-content/uploads/2021/02/4750021210297-300x300.jpg",
    "available": true,
    "discount": null
  },
  {
    "shop": "CITRO",
    "categories": [
      1,
      1001,
      10010016
    ],
    "productName": "DEGVĪNS MOSKOVSKAYA SILVER 40% 0.5L",
    "productPriceOld": null,
    "productPrice": null,
    "productPricePerUnit": {
      "value": 18.98,
      "unit": "€/L"
    },
    "productPriceWithLoyaltyCard": null,
    "productPricePerUnitWithLoyaltyCard": null,
    "imageUrl": "https://rezekne.citro.lv/wp-content/uploads/2021/02/4750021293252-300x300.jpg",
    "available": true,
    "discount": null
  },
  {
    "shop": "RIMI",
    "categories": [
      1,
      1001,
      1001007
    ],
    "productName": "Rums Bacardi Spiced 35% 1l",
    "productPriceOld": null,
    "productPrice": {
      "value": 27.55,
      "unit": "€/gab"
    },
    "productPricePerUnit": {
      "value": 27.55,
      "unit": "€/l"
    },
    "productPriceWithLoyaltyCard": {
      "value": 18.99,
      "unit": "€"
    },
    "productPricePerUnitWithLoyaltyCard": {
      "value": 18.99,
      "unit": "€/l"
    },
    "imageUrl": "https://rimibaltic-res.cloudinary.com/image/upload/d_ecommerce:backend-fallback.png/MAT_7247803_PCE_LV",
    "available": true,
    "discount": 31
  },
  {
    "shop": "RIMI",
    "categories": [
      1,
      1001,
      1001007
    ],
    "productName": "Rums Bacardi Carta Blanca 37,5% 1,0l",
    "productPriceOld": null,
    "productPrice": {
      "value": 29.29,
      "unit": "€/gab"
    },
    "productPricePerUnit": {
      "value": 29.29,
      "unit": "€/l"
    },
    "productPriceWithLoyaltyCard": {
      "value": 18.99,
      "unit": "€"
    },
    "productPricePerUnitWithLoyaltyCard": {
      "value": 18.99,
      "unit": "€/l"
    },
    "imageUrl": "https://rimibaltic-res.cloudinary.com/image/upload/d_ecommerce:backend-fallback.png/MAT_7108745_PCE_LV",
    "available": true,
    "discount": 35
  },
  {
    "shop": "CITRO",
    "categories": [
      1,
      1001,
      10010016
    ],
    "productName": "DEGVĪNS FINLANDIA REDBERRY 37.5% 1L",
    "productPriceOld": null,
    "productPrice": null,
    "productPricePerUnit": {
      "value": 18.99,
      "unit": "€/L"
    },
    "productPriceWithLoyaltyCard": null,
    "productPricePerUnitWithLoyaltyCard": null,
    "imageUrl": "https://rezekne.citro.lv/wp-content/uploads/2022/05/5099873002193-300x300.jpg",
    "available": true,
    "discount": null
  },
  {
    "shop": "CITRO",
    "categories": [
      1,
      1001,
      10010016
    ],
    "productName": "DEGVĪNS FINLANDIA 40% 1L",
    "productPriceOld": null,
    "productPrice": null,
    "productPricePerUnit": {
      "value": 18.99,
      "unit": "€/L"
    },
    "productPriceWithLoyaltyCard": null,
    "productPricePerUnitWithLoyaltyCard": null,
    "imageUrl": "https://rezekne.citro.lv/wp-content/uploads/2022/05/6412700021027-300x300.jpg",
    "available": true,
    "discount": null
  },
  {
    "shop": "CITRO",
    "categories": [
      1,
      1001,
      10010016
    ],
    "productName": "DEGVĪNS FINLANDIA CRANBERRY 37.5% 1L",
    "productPriceOld": null,
    "productPrice": null,
    "productPricePerUnit": {
      "value": 18.99,
      "unit": "€/L"
    },
    "productPriceWithLoyaltyCard": null,
    "productPricePerUnitWithLoyaltyCard": null,
    "imageUrl": "https://rezekne.citro.lv/wp-content/uploads/2022/05/5099873001929-300x300.jpg",
    "available": true,
    "discount": null
  },
  {
    "shop": "CITRO",
    "categories": [
      1,
      1001,
      10010019
    ],
    "productName": "APERITĪVS APEROL 11% 1L",
    "productPriceOld": null,
    "productPrice": null,
    "productPricePerUnit": {
      "value": 18.99,
      "unit": "€/L"
    },
    "productPriceWithLoyaltyCard": null,
    "productPricePerUnitWithLoyaltyCard": null,
    "imageUrl": "https://rezekne.citro.lv/wp-content/uploads/2023/12/8002230000012-300x300.jpg",
    "available": true,
    "discount": null
  },
  {
    "shop": "CITRO",
    "categories": [
      1,
      1001,
      10010016
    ],
    "productName": "DEGVĪNS FLIRT 40% 1L",
    "productPriceOld": null,
    "productPrice": null,
    "productPricePerUnit": {
      "value": 18.99,
      "unit": "€/L"
    },
    "productPriceWithLoyaltyCard": null,
    "productPricePerUnitWithLoyaltyCard": null,
    "imageUrl": "https://rezekne.citro.lv/wp-content/uploads/2023/02/3800032010315-300x300.jpg",
    "available": true,
    "discount": null
  },
  {
    "shop": "RIMI",
    "categories": [
      1,
      1001,
      1001003
    ],
    "productName": "S. v. Vilamar Merlot Cabernet Sauv. 14% 0,75l",
    "productPriceOld": null,
    "productPrice": {
      "value": 14.25,
      "unit": "€/gab"
    },
    "productPricePerUnit": {
      "value": 19,
      "unit": "€/l"
    },
    "productPriceWithLoyaltyCard": null,
    "productPricePerUnitWithLoyaltyCard": null,
    "imageUrl": "https://rimibaltic-res.cloudinary.com/image/upload/d_ecommerce:backend-fallback.png/MAT_7221058_PCE_LV",
    "available": true,
    "discount": null
  },
  {
    "shop": "RIMI",
    "categories": [
      1,
      1001,
      1001003
    ],
    "productName": "S. v. Vilamar Merlot Cabernet Sauv. 14% 0,75l",
    "productPriceOld": null,
    "productPrice": {
      "value": 14.25,
      "unit": "€/gab"
    },
    "productPricePerUnit": {
      "value": 19,
      "unit": "€/l"
    },
    "productPriceWithLoyaltyCard": null,
    "productPricePerUnitWithLoyaltyCard": null,
    "imageUrl": "https://rimibaltic-res.cloudinary.com/image/upload/d_ecommerce:backend-fallback.png/MAT_7221058_PCE_LV",
    "available": true,
    "discount": null
  },
  {
    "shop": "MAXIMA",
    "categories": [
      2,
      2007
    ],
    "productName": "Kēkss Brownies balt.šok.St Michel 210g",
    "productPriceOld": null,
    "productPrice": {
      "value": 3.99,
      "unit": "€"
    },
    "productPricePerUnit": {
      "value": 19,
      "unit": "€/kg"
    },
    "productPriceWithLoyaltyCard": null,
    "productPricePerUnitWithLoyaltyCard": null,
    "imageUrl": "https://cdn.barbora.lv/products/12ef9cb5-1656-43df-9a19-36ed62a812fb_s.png",
    "available": true,
    "discount": null
  },
  {
    "shop": "RIMI",
    "categories": [
      1,
      1003,
      1003003
    ],
    "productName": "Bezalkohol. vīns Torres natureo muscat 0,75l",
    "productPriceOld": null,
    "productPrice": {
      "value": 14.29,
      "unit": "€/gab"
    },
    "productPricePerUnit": {
      "value": 19.05,
      "unit": "€/l"
    },
    "productPriceWithLoyaltyCard": null,
    "productPricePerUnitWithLoyaltyCard": null,
    "imageUrl": "https://rimibaltic-res.cloudinary.com/image/upload/d_ecommerce:backend-fallback.png/MAT_1356052_PCE_LV",
    "available": true,
    "discount": null
  },
  {
    "shop": "RIMI",
    "categories": [
      1,
      1003,
      1003003
    ],
    "productName": "Bezalkoholisk. vīns Natureo Syrah 0,5% 0,75l",
    "productPriceOld": null,
    "productPrice": {
      "value": 14.29,
      "unit": "€/gab"
    },
    "productPricePerUnit": {
      "value": 19.05,
      "unit": "€/l"
    },
    "productPriceWithLoyaltyCard": null,
    "productPricePerUnitWithLoyaltyCard": null,
    "imageUrl": "https://rimibaltic-res.cloudinary.com/image/upload/d_ecommerce:backend-fallback.png/MAT_1356053_PCE_LV",
    "available": true,
    "discount": null
  },
  {
    "shop": "RIMI",
    "categories": [
      1,
      1003,
      1003003
    ],
    "productName": "Rozā v.Torres Natureo Rosado bezalko. 0,75l",
    "productPriceOld": null,
    "productPrice": {
      "value": 14.29,
      "unit": "€/gab"
    },
    "productPricePerUnit": {
      "value": 19.05,
      "unit": "€/l"
    },
    "productPriceWithLoyaltyCard": null,
    "productPricePerUnitWithLoyaltyCard": null,
    "imageUrl": "https://rimibaltic-res.cloudinary.com/image/upload/d_ecommerce:backend-fallback.png/MAT_7042959_PCE_LV",
    "available": true,
    "discount": null
  },
  {
    "shop": "RIMI",
    "categories": [
      1,
      1001,
      1001003
    ],
    "productName": "S.v.Tierra Imperial Gran Reserva14%0,75l",
    "productPriceOld": null,
    "productPrice": {
      "value": 14.29,
      "unit": "€/gab"
    },
    "productPricePerUnit": {
      "value": 19.05,
      "unit": "€/l"
    },
    "productPriceWithLoyaltyCard": null,
    "productPricePerUnitWithLoyaltyCard": null,
    "imageUrl": "https://rimibaltic-res.cloudinary.com/image/upload/d_ecommerce:backend-fallback.png/MAT_7082473_PCE_LV",
    "available": true,
    "discount": null
  },
  {
    "shop": "RIMI",
    "categories": [
      1,
      1001,
      1001003
    ],
    "productName": "B.v.Tierra Imperial Chardonnay 13% 0,75l",
    "productPriceOld": null,
    "productPrice": {
      "value": 14.29,
      "unit": "€/gab"
    },
    "productPricePerUnit": {
      "value": 19.05,
      "unit": "€/l"
    },
    "productPriceWithLoyaltyCard": null,
    "productPricePerUnitWithLoyaltyCard": null,
    "imageUrl": "https://rimibaltic-res.cloudinary.com/image/upload/d_ecommerce:backend-fallback.png/MAT_7108677_PCE_LV",
    "available": true,
    "discount": null
  },
  {
    "shop": "RIMI",
    "categories": [
      1,
      1001,
      1001003
    ],
    "productName": "S.v. Aop Haut Medoc Fonpiqueyre 13% 0,75l",
    "productPriceOld": null,
    "productPrice": {
      "value": 14.29,
      "unit": "€/gab"
    },
    "productPricePerUnit": {
      "value": 19.05,
      "unit": "€/l"
    },
    "productPriceWithLoyaltyCard": null,
    "productPricePerUnitWithLoyaltyCard": null,
    "imageUrl": "https://rimibaltic-res.cloudinary.com/image/upload/d_ecommerce:backend-fallback.png/MAT_7292626_PCE_LV",
    "available": true,
    "discount": null
  },
  {
    "shop": "MAXIMA",
    "categories": [
      1,
      1003,
      1003003
    ],
    "productName": "Vīns TORRES Natureo Syrah b/a 750ml D",
    "productPriceOld": null,
    "productPrice": {
      "value": 14.29,
      "unit": "€"
    },
    "productPricePerUnit": {
      "value": 19.05,
      "unit": "€/l"
    },
    "productPriceWithLoyaltyCard": null,
    "productPricePerUnitWithLoyaltyCard": null,
    "imageUrl": "https://cdn.barbora.lv/products/8225bafc-30a3-4b47-9363-cecdcee43416_s.png",
    "available": true,
    "discount": null
  },
  {
    "shop": "MAXIMA",
    "categories": [
      1,
      1003,
      1003003
    ],
    "productName": "Vīns TORRES Natureo Rosado b/a 750ml D",
    "productPriceOld": null,
    "productPrice": {
      "value": 14.29,
      "unit": "€"
    },
    "productPricePerUnit": {
      "value": 19.05,
      "unit": "€/l"
    },
    "productPriceWithLoyaltyCard": null,
    "productPricePerUnitWithLoyaltyCard": null,
    "imageUrl": "https://cdn.barbora.lv/products/2cde2bde-a780-4267-b3a0-c67b31a34929_s.png",
    "available": true,
    "discount": null
  },
  {
    "shop": "MAXIMA",
    "categories": [
      1,
      1003,
      1003003
    ],
    "productName": "Vīns TORRES Natureo Muscat b/a 750ml D",
    "productPriceOld": null,
    "productPrice": {
      "value": 14.29,
      "unit": "€"
    },
    "productPricePerUnit": {
      "value": 19.05,
      "unit": "€/l"
    },
    "productPriceWithLoyaltyCard": null,
    "productPricePerUnitWithLoyaltyCard": null,
    "imageUrl": "https://cdn.barbora.lv/products/83d3c1fa-b6eb-414a-82f5-cebf8b0da833_s.png",
    "available": true,
    "discount": null
  },
  {
    "shop": "MAXIMA",
    "categories": [
      1,
      1001,
      1001003
    ],
    "productName": "Vīns SANTA CRISTINA TOSCANA 12,5% 0,75l",
    "productPriceOld": null,
    "productPrice": {
      "value": 14.29,
      "unit": "€"
    },
    "productPricePerUnit": {
      "value": 19.05,
      "unit": "€/l"
    },
    "productPriceWithLoyaltyCard": null,
    "productPricePerUnitWithLoyaltyCard": null,
    "imageUrl": "https://cdn.barbora.lv/products/2b718b3c-1680-469d-a500-6febe904c820_s.png",
    "available": true,
    "discount": null
  },
  {
    "shop": "MAXIMA",
    "categories": [
      1,
      1001,
      1001003
    ],
    "productName": "Vīns SARTORI VALP.RIPASSO 13,5% 0,75L",
    "productPriceOld": null,
    "productPrice": {
      "value": 14.29,
      "unit": "€"
    },
    "productPricePerUnit": {
      "value": 19.05,
      "unit": "€/l"
    },
    "productPriceWithLoyaltyCard": null,
    "productPricePerUnitWithLoyaltyCard": null,
    "imageUrl": "https://cdn.barbora.lv/products/4276f10e-0b12-4b63-91ff-c8c5913aa41b_s.png",
    "available": true,
    "discount": null
  },
  {
    "shop": "MAXIMA",
    "categories": [
      1,
      1001,
      1001003
    ],
    "productName": "Vīns GRAN APPASSO Collezione 16% 0,75L",
    "productPriceOld": {
      "value": 22.19,
      "unit": "€"
    },
    "productPrice": {
      "value": 22.19,
      "unit": "€"
    },
    "productPricePerUnit": {
      "value": 29.59,
      "unit": "€/l"
    },
    "productPriceWithLoyaltyCard": {
      "value": 14.29,
      "unit": "€"
    },
    "productPricePerUnitWithLoyaltyCard": {
      "value": 19.06,
      "unit": "€/l"
    },
    "imageUrl": "https://cdn.barbora.lv/products/a2c0cb56-e701-4f45-9cc4-5c41d77ac6b7_s.png",
    "available": true,
    "discount": 36
  },
  {
    "shop": "MAXIMA",
    "categories": [
      1,
      1001,
      10010016
    ],
    "productName": "Degvīns KRIK DUSHI 40% 0,5L",
    "productPriceOld": null,
    "productPrice": {
      "value": 9.55,
      "unit": "€"
    },
    "productPricePerUnit": {
      "value": 19.1,
      "unit": "€/l"
    },
    "productPriceWithLoyaltyCard": null,
    "productPricePerUnitWithLoyaltyCard": null,
    "imageUrl": "https://cdn.barbora.lv/products/e75b7603-d5b5-42a3-b7af-7b3f9b3a9a96_s.png",
    "available": true,
    "discount": null
  },
  {
    "shop": "MAXIMA",
    "categories": [
      1,
      1001,
      10010013
    ],
    "productName": "Liķieris KOSKENKORVA Espresso 21% 0,5L",
    "productPriceOld": null,
    "productPrice": {
      "value": 9.58,
      "unit": "€"
    },
    "productPricePerUnit": {
      "value": 19.16,
      "unit": "€/l"
    },
    "productPriceWithLoyaltyCard": null,
    "productPricePerUnitWithLoyaltyCard": null,
    "imageUrl": "https://cdn.barbora.lv/products/61105e29-283b-4ee5-beea-51b99e203024_s.png",
    "available": true,
    "discount": null
  },
  {
    "shop": "MAXIMA",
    "categories": [
      1,
      1001,
      10010016
    ],
    "productName": "Degvīns ZOLOTO POLEJ 40% 0,7l",
    "productPriceOld": null,
    "productPrice": {
      "value": 13.42,
      "unit": "€"
    },
    "productPricePerUnit": {
      "value": 19.17,
      "unit": "€/l"
    },
    "productPriceWithLoyaltyCard": null,
    "productPricePerUnitWithLoyaltyCard": null,
    "imageUrl": "https://cdn.barbora.lv/products/9cb52943-f421-4f33-b7b7-b556825fa78b_s.png",
    "available": true,
    "discount": null
  },
  {
    "shop": "CITRO",
    "categories": [
      1,
      1001,
      10010016
    ],
    "productName": "DEGVĪNS STARIJ TRAKTIR 40% 0.5L",
    "productPriceOld": null,
    "productPrice": null,
    "productPricePerUnit": {
      "value": 19.18,
      "unit": "€/L"
    },
    "productPriceWithLoyaltyCard": null,
    "productPricePerUnitWithLoyaltyCard": null,
    "imageUrl": "https://rezekne.citro.lv/wp-content/uploads/2020/12/4750036706921-300x300.jpg",
    "available": true,
    "discount": null
  },
  {
    "shop": "MAXIMA",
    "categories": [
      1,
      1001,
      10010019
    ],
    "productName": "Stipr.alk.dzēriens DUKATS 38% 0,5l",
    "productPriceOld": null,
    "productPrice": {
      "value": 9.6,
      "unit": "€"
    },
    "productPricePerUnit": {
      "value": 19.2,
      "unit": "€/l"
    },
    "productPriceWithLoyaltyCard": null,
    "productPricePerUnitWithLoyaltyCard": null,
    "imageUrl": "https://cdn.barbora.lv/products/6a4d041c-c213-4df3-85ec-80e1bedc1807_s.png",
    "available": true,
    "discount": null
  },
  {
    "shop": "RIMI",
    "categories": [
      1,
      1001,
      10010016
    ],
    "productName": "Degvīns Mernaja na Moloke 40% 0,7l",
    "productPriceOld": null,
    "productPrice": {
      "value": 13.45,
      "unit": "€/gab"
    },
    "productPricePerUnit": {
      "value": 19.21,
      "unit": "€/l"
    },
    "productPriceWithLoyaltyCard": null,
    "productPricePerUnitWithLoyaltyCard": null,
    "imageUrl": "https://rimibaltic-res.cloudinary.com/image/upload/d_ecommerce:backend-fallback.png/MAT_712882_PCE_LV",
    "available": true,
    "discount": null
  },
  {
    "shop": "RIMI",
    "categories": [
      1,
      1001,
      10010016
    ],
    "productName": "Degvīns Mernaja na Moloke 40% 0,7l",
    "productPriceOld": null,
    "productPrice": {
      "value": 13.45,
      "unit": "€/gab"
    },
    "productPricePerUnit": {
      "value": 19.21,
      "unit": "€/l"
    },
    "productPriceWithLoyaltyCard": null,
    "productPricePerUnitWithLoyaltyCard": null,
    "imageUrl": "https://rimibaltic-res.cloudinary.com/image/upload/d_ecommerce:backend-fallback.png/MAT_712882_PCE_LV",
    "available": true,
    "discount": null
  },
  {
    "shop": "MAXIMA",
    "categories": [
      1,
      1001,
      10010016
    ],
    "productName": "Degvīns HLEBNIJ DVOR 40% 0,5l",
    "productPriceOld": null,
    "productPrice": {
      "value": 9.61,
      "unit": "€"
    },
    "productPricePerUnit": {
      "value": 19.22,
      "unit": "€/l"
    },
    "productPriceWithLoyaltyCard": null,
    "productPricePerUnitWithLoyaltyCard": null,
    "imageUrl": "https://cdn.barbora.lv/products/f9ed4ea6-e78b-4f1d-a938-9d629b938ce7_s.png",
    "available": true,
    "discount": null
  },
  {
    "shop": "MAXIMA",
    "categories": [
      1,
      1001,
      10010016
    ],
    "productName": "Aromātisks degvīns STARIJ TRAKTIR PERCOVAJA 40%0,5L",
    "productPriceOld": null,
    "productPrice": {
      "value": 9.62,
      "unit": "€"
    },
    "productPricePerUnit": {
      "value": 19.24,
      "unit": "€/l"
    },
    "productPriceWithLoyaltyCard": null,
    "productPricePerUnitWithLoyaltyCard": null,
    "imageUrl": "https://cdn.barbora.lv/products/fcf6ed67-818b-44d8-ac7c-1de51d0e116e_s.png",
    "available": true,
    "discount": null
  },
  {
    "shop": "RIMI",
    "categories": [
      1,
      1001,
      10010010
    ],
    "productName": "Brendijs Bartender's Club 38% 0,2l",
    "productPriceOld": null,
    "productPrice": {
      "value": 3.85,
      "unit": "€/gab"
    },
    "productPricePerUnit": {
      "value": 19.25,
      "unit": "€/l"
    },
    "productPriceWithLoyaltyCard": null,
    "productPricePerUnitWithLoyaltyCard": null,
    "imageUrl": "https://rimibaltic-res.cloudinary.com/image/upload/d_ecommerce:backend-fallback.png/MAT_804990_PCE_LV",
    "available": true,
    "discount": null
  },
  {
    "shop": "RIMI",
    "categories": [
      1,
      1001,
      1001004
    ],
    "productName": "Dz. vīns Veuve du Vernay ice rose 11% 0,2l",
    "productPriceOld": null,
    "productPrice": {
      "value": 3.85,
      "unit": "€/gab"
    },
    "productPricePerUnit": {
      "value": 19.25,
      "unit": "€/l"
    },
    "productPriceWithLoyaltyCard": null,
    "productPricePerUnitWithLoyaltyCard": null,
    "imageUrl": "https://rimibaltic-res.cloudinary.com/image/upload/d_ecommerce:backend-fallback.png/MAT_7183783_PCE_LV",
    "available": true,
    "discount": null
  },
  {
    "shop": "MAXIMA",
    "categories": [
      1,
      1001,
      1001003
    ],
    "productName": "Vīns TBILVINO KINDZMARAULI 11% 0,75l",
    "productPriceOld": null,
    "productPrice": {
      "value": 14.44,
      "unit": "€"
    },
    "productPricePerUnit": {
      "value": 19.25,
      "unit": "€/l"
    },
    "productPriceWithLoyaltyCard": null,
    "productPricePerUnitWithLoyaltyCard": null,
    "imageUrl": "https://cdn.barbora.lv/products/8291723a-c26a-450b-b615-1c3b38a2a584_s.png",
    "available": true,
    "discount": null
  },
  {
    "shop": "RIMI",
    "categories": [
      1,
      1001,
      1001003
    ],
    "productName": "S.v. Zantho Blaufränkisch sauss 13,5% 0,75l",
    "productPriceOld": null,
    "productPrice": {
      "value": 14.45,
      "unit": "€/gab"
    },
    "productPricePerUnit": {
      "value": 19.27,
      "unit": "€/l"
    },
    "productPriceWithLoyaltyCard": null,
    "productPricePerUnitWithLoyaltyCard": null,
    "imageUrl": "https://rimibaltic-res.cloudinary.com/image/upload/d_ecommerce:backend-fallback.png/MAT_7299255_PCE_LV",
    "available": true,
    "discount": null
  },
  {
    "shop": "MAXIMA",
    "categories": [
      1,
      1001,
      10010010
    ],
    "productName": "Stipr.alk.dzēr.METAXA 5* ORANGE 38% 0,7L",
    "productPriceOld": {
      "value": 24.29,
      "unit": "€"
    },
    "productPrice": {
      "value": 24.29,
      "unit": "€"
    },
    "productPricePerUnit": {
      "value": 34.7,
      "unit": "€/l"
    },
    "productPriceWithLoyaltyCard": {
      "value": 13.49,
      "unit": "€"
    },
    "productPricePerUnitWithLoyaltyCard": {
      "value": 19.27,
      "unit": "€/l"
    },
    "imageUrl": "https://cdn.barbora.lv/products/c71e4670-6bb9-4474-853c-1dcba5922f6b_s.png",
    "available": true,
    "discount": 44
  },
  {
    "shop": "CITRO",
    "categories": [
      1,
      1001,
      10010019
    ],
    "productName": "ST.ALK.DZ. CAPTAIN MORGAN SPICED GOLD RUM 35% 0.7L",
    "productPriceOld": null,
    "productPrice": null,
    "productPricePerUnit": {
      "value": 19.27,
      "unit": "€/L"
    },
    "productPriceWithLoyaltyCard": null,
    "productPricePerUnitWithLoyaltyCard": null,
    "imageUrl": "https://rezekne.citro.lv/wp-content/uploads/2020/04/5000299223017-300x300.jpg",
    "available": true,
    "discount": null
  },
  {
    "shop": "RIMI",
    "categories": [
      1,
      1001,
      1001004
    ],
    "productName": "Dz. vīns Cielo Prosecco Rose 10,5% 0,75l",
    "productPriceOld": null,
    "productPrice": {
      "value": 14.49,
      "unit": "€/gab"
    },
    "productPricePerUnit": {
      "value": 19.32,
      "unit": "€/l"
    },
    "productPriceWithLoyaltyCard": null,
    "productPricePerUnitWithLoyaltyCard": null,
    "imageUrl": "https://rimibaltic-res.cloudinary.com/image/upload/d_ecommerce:backend-fallback.png/MAT_7239731_PCE_LV",
    "available": true,
    "discount": null
  },
  {
    "shop": "RIMI",
    "categories": [
      1,
      1001,
      1001003
    ],
    "productName": "S.v. Teliani Valley Kindzmarauli 11,5% 0,75l",
    "productPriceOld": null,
    "productPrice": {
      "value": 14.49,
      "unit": "€/gab"
    },
    "productPricePerUnit": {
      "value": 19.32,
      "unit": "€/l"
    },
    "productPriceWithLoyaltyCard": null,
    "productPricePerUnitWithLoyaltyCard": null,
    "imageUrl": "https://rimibaltic-res.cloudinary.com/image/upload/d_ecommerce:backend-fallback.png/MAT_705416_PCE_LV",
    "available": true,
    "discount": null
  },
  {
    "shop": "MAXIMA",
    "categories": [
      1,
      1001,
      1001003
    ],
    "productName": "Vīns TELIANI VAL.KINDZMARAULI 11% 0,75L",
    "productPriceOld": null,
    "productPrice": {
      "value": 14.49,
      "unit": "€"
    },
    "productPricePerUnit": {
      "value": 19.32,
      "unit": "€/l"
    },
    "productPriceWithLoyaltyCard": null,
    "productPricePerUnitWithLoyaltyCard": null,
    "imageUrl": "https://cdn.barbora.lv/products/4d5de9bd-cf38-4d17-b665-cceec0710680_s.png",
    "available": true,
    "discount": null
  },
  {
    "shop": "RIMI",
    "categories": [
      1,
      1001,
      1001006
    ],
    "productName": "Vermuts Martini Bianco 15% 0,5l",
    "productPriceOld": null,
    "productPrice": {
      "value": 9.69,
      "unit": "€/gab"
    },
    "productPricePerUnit": {
      "value": 19.38,
      "unit": "€/l"
    },
    "productPriceWithLoyaltyCard": null,
    "productPricePerUnitWithLoyaltyCard": null,
    "imageUrl": "https://rimibaltic-res.cloudinary.com/image/upload/d_ecommerce:backend-fallback.png/MAT_101632_PCE_LV",
    "available": true,
    "discount": null
  },
  {
    "shop": "MAXIMA",
    "categories": [
      1,
      1001,
      10010013
    ],
    "productName": "Liķieris KOSKENKORVA Mojito 15% 0,5L D",
    "productPriceOld": null,
    "productPrice": {
      "value": 9.69,
      "unit": "€"
    },
    "productPricePerUnit": {
      "value": 19.38,
      "unit": "€/l"
    },
    "productPriceWithLoyaltyCard": null,
    "productPricePerUnitWithLoyaltyCard": null,
    "imageUrl": "https://cdn.barbora.lv/products/91c290d7-b8ee-4c47-9834-ddd9f9c50bbc_s.png",
    "available": true,
    "discount": null
  },
  {
    "shop": "RIMI",
    "categories": [
      1,
      1001,
      1001003
    ],
    "productName": "S.v. Naturae Merlot, Organic 14% 0,75l",
    "productPriceOld": null,
    "productPrice": {
      "value": 14.55,
      "unit": "€/gab"
    },
    "productPricePerUnit": {
      "value": 19.4,
      "unit": "€/l"
    },
    "productPriceWithLoyaltyCard": null,
    "productPricePerUnitWithLoyaltyCard": null,
    "imageUrl": "https://rimibaltic-res.cloudinary.com/image/upload/d_ecommerce:backend-fallback.png/MAT_7258370_PCE_LV",
    "available": true,
    "discount": null
  },
  {
    "shop": "RIMI",
    "categories": [
      1,
      1001,
      1001003
    ],
    "productName": "S.v. Naturae Syrah, Organic 13% 0,75l",
    "productPriceOld": null,
    "productPrice": {
      "value": 14.55,
      "unit": "€/gab"
    },
    "productPricePerUnit": {
      "value": 19.4,
      "unit": "€/l"
    },
    "productPriceWithLoyaltyCard": null,
    "productPricePerUnitWithLoyaltyCard": null,
    "imageUrl": "https://rimibaltic-res.cloudinary.com/image/upload/d_ecommerce:backend-fallback.png/MAT_7258368_PCE_LV",
    "available": true,
    "discount": null
  },
  {
    "shop": "RIMI",
    "categories": [
      1,
      1001,
      1001003
    ],
    "productName": "B.v. Naturae Chardonnay, Organic 14% 0,75l",
    "productPriceOld": null,
    "productPrice": {
      "value": 14.55,
      "unit": "€/gab"
    },
    "productPricePerUnit": {
      "value": 19.4,
      "unit": "€/l"
    },
    "productPriceWithLoyaltyCard": null,
    "productPricePerUnitWithLoyaltyCard": null,
    "imageUrl": "https://rimibaltic-res.cloudinary.com/image/upload/d_ecommerce:backend-fallback.png/MAT_7258369_PCE_LV",
    "available": true,
    "discount": null
  },
  {
    "shop": "MAXIMA",
    "categories": [
      1,
      1001,
      10010016
    ],
    "productName": "Degvīns STARIJ TRAKTIR 40% 0,2l",
    "productPriceOld": null,
    "productPrice": {
      "value": 3.88,
      "unit": "€"
    },
    "productPricePerUnit": {
      "value": 19.4,
      "unit": "€/l"
    },
    "productPriceWithLoyaltyCard": null,
    "productPricePerUnitWithLoyaltyCard": null,
    "imageUrl": "https://cdn.barbora.lv/products/c8905cba-0bd1-4652-8a9f-b782c2e2ddd0_s.png",
    "available": true,
    "discount": null
  },
  {
    "shop": "RIMI",
    "categories": [
      1,
      1001,
      10010019
    ],
    "productName": "Alk. dzē. Oakheart Original Spiced 32,5% 0,7l",
    "productPriceOld": null,
    "productPrice": {
      "value": 19.69,
      "unit": "€/gab"
    },
    "productPricePerUnit": {
      "value": 28.13,
      "unit": "€/l"
    },
    "productPriceWithLoyaltyCard": {
      "value": 13.59,
      "unit": "€"
    },
    "productPricePerUnitWithLoyaltyCard": {
      "value": 19.41,
      "unit": "€/l"
    },
    "imageUrl": "https://rimibaltic-res.cloudinary.com/image/upload/d_ecommerce:backend-fallback.png/MAT_1017238_PCE_LV",
    "available": true,
    "discount": 31
  },
  {
    "shop": "CITRO",
    "categories": [
      1,
      1001,
      1001007
    ],
    "productName": "RUMS BARBUDA SPICED 35% 0.7L",
    "productPriceOld": null,
    "productPrice": null,
    "productPricePerUnit": {
      "value": 19.41,
      "unit": "€/L"
    },
    "productPriceWithLoyaltyCard": null,
    "productPricePerUnitWithLoyaltyCard": null,
    "imageUrl": "https://rezekne.citro.lv/wp-content/uploads/2021/09/4740034015941-300x300.jpg",
    "available": true,
    "discount": null
  },
  {
    "shop": "CITRO",
    "categories": [
      1,
      1001,
      1001007
    ],
    "productName": "RUMS BARBUDA RUM WHITE 37.5% 0.7L",
    "productPriceOld": null,
    "productPrice": null,
    "productPricePerUnit": {
      "value": 19.41,
      "unit": "€/L"
    },
    "productPriceWithLoyaltyCard": null,
    "productPricePerUnitWithLoyaltyCard": null,
    "imageUrl": "https://rezekne.citro.lv/wp-content/uploads/2021/06/4740034015606-300x300.jpg",
    "available": true,
    "discount": null
  },
  {
    "shop": "MAXIMA",
    "categories": [
      1,
      1001,
      10010010
    ],
    "productName": "Brendijs SAINT LOUIS VSOP 40% 0,7L",
    "productPriceOld": {
      "value": 19.78,
      "unit": "€"
    },
    "productPrice": {
      "value": 19.78,
      "unit": "€"
    },
    "productPricePerUnit": {
      "value": 28.26,
      "unit": "€/l"
    },
    "productPriceWithLoyaltyCard": {
      "value": 13.59,
      "unit": "€"
    },
    "productPricePerUnitWithLoyaltyCard": {
      "value": 19.42,
      "unit": "€/l"
    },
    "imageUrl": "https://cdn.barbora.lv/products/cfea2da5-c031-4b94-bd6c-5353e89f5940_s.png",
    "available": true,
    "discount": 31
  },
  {
    "shop": "MAXIMA",
    "categories": [
      1,
      1001,
      10010016
    ],
    "productName": "Degvīns KOSHER EXCLUSIVE 40% 0,7l",
    "productPriceOld": {
      "value": 21.74,
      "unit": "€"
    },
    "productPrice": {
      "value": 21.74,
      "unit": "€"
    },
    "productPricePerUnit": {
      "value": 31.06,
      "unit": "€/l"
    },
    "productPriceWithLoyaltyCard": {
      "value": 13.59,
      "unit": "€"
    },
    "productPricePerUnitWithLoyaltyCard": {
      "value": 19.42,
      "unit": "€/l"
    },
    "imageUrl": "https://cdn.barbora.lv/products/eb99f6c8-8a3f-49fb-a945-102d447f71aa_s.png",
    "available": true,
    "discount": 37
  },
  {
    "shop": "RIMI",
    "categories": [
      2,
      2001,
      20010015
    ],
    "productName": "Sausmaiz. ar sieru un ķirb. sēkl. 200g",
    "productPriceOld": null,
    "productPrice": {
      "value": 3.89,
      "unit": "€/gab"
    },
    "productPricePerUnit": {
      "value": 19.45,
      "unit": "€/kg"
    },
    "productPriceWithLoyaltyCard": null,
    "productPricePerUnitWithLoyaltyCard": null,
    "imageUrl": "https://rimibaltic-res.cloudinary.com/image/upload/d_ecommerce:backend-fallback.png/MAT_950444_PCE_LV",
    "available": true,
    "discount": null
  },
  {
    "shop": "RIMI",
    "categories": [
      2,
      2001,
      2001008
    ],
    "productName": "Degvīns 3 Graudu 38% 0,2l",
    "productPriceOld": null,
    "productPrice": {
      "value": 3.89,
      "unit": "€/gab"
    },
    "productPricePerUnit": {
      "value": 19.45,
      "unit": "€/l"
    },
    "productPriceWithLoyaltyCard": null,
    "productPricePerUnitWithLoyaltyCard": null,
    "imageUrl": "https://rimibaltic-res.cloudinary.com/image/upload/d_ecommerce:backend-fallback.png/MAT_138581_PCE_LV",
    "available": true,
    "discount": null
  },
  {
    "shop": "MAXIMA",
    "categories": [
      1,
      1001,
      1001003
    ],
    "productName": "Vīns MUD HOUSE SAUVIGNON BLANC 13% 0,75L",
    "productPriceOld": null,
    "productPrice": {
      "value": 14.59,
      "unit": "€"
    },
    "productPricePerUnit": {
      "value": 19.45,
      "unit": "€/l"
    },
    "productPriceWithLoyaltyCard": null,
    "productPricePerUnitWithLoyaltyCard": null,
    "imageUrl": "https://cdn.barbora.lv/products/a5873bf8-a7ac-4f39-914b-22e0377e7e82_s.png",
    "available": true,
    "discount": null
  },
  {
    "shop": "MAXIMA",
    "categories": [
      1,
      1001,
      10010016
    ],
    "productName": "Degvīns HLIBNAJA LUKSS 40% 0,7L",
    "productPriceOld": null,
    "productPrice": {
      "value": 13.62,
      "unit": "€"
    },
    "productPricePerUnit": {
      "value": 19.46,
      "unit": "€/l"
    },
    "productPriceWithLoyaltyCard": null,
    "productPricePerUnitWithLoyaltyCard": null,
    "imageUrl": "https://cdn.barbora.lv/products/0c9a6a88-2706-426b-9491-451a2b784e76_s.png",
    "available": true,
    "discount": null
  },
  {
    "shop": "MAXIMA",
    "categories": [
      1,
      1001,
      1001007
    ],
    "productName": "Rums BARBUDA RUM BLACK 37,5% 0,7L",
    "productPriceOld": null,
    "productPrice": {
      "value": 13.65,
      "unit": "€"
    },
    "productPricePerUnit": {
      "value": 19.5,
      "unit": "€/l"
    },
    "productPriceWithLoyaltyCard": null,
    "productPricePerUnitWithLoyaltyCard": null,
    "imageUrl": "https://cdn.barbora.lv/products/4b7ea7a6-44cd-43f9-90e7-07fa5c944b85_s.png",
    "available": true,
    "discount": null
  },
  {
    "shop": "MAXIMA",
    "categories": [
      1,
      1001,
      1001007
    ],
    "productName": "Rums BARBUDA RUM SPICED 35% 0,7L",
    "productPriceOld": null,
    "productPrice": {
      "value": 13.65,
      "unit": "€"
    },
    "productPricePerUnit": {
      "value": 19.5,
      "unit": "€/l"
    },
    "productPriceWithLoyaltyCard": null,
    "productPricePerUnitWithLoyaltyCard": null,
    "imageUrl": "https://cdn.barbora.lv/products/e0217796-a477-4204-80a6-fcda04abb5be_s.png",
    "available": true,
    "discount": null
  },
  {
    "shop": "MAXIMA",
    "categories": [
      1,
      1001,
      10010016
    ],
    "productName": "Degvīns HLIBNAJA LUKSS 40% 0,5L",
    "productPriceOld": null,
    "productPrice": {
      "value": 9.78,
      "unit": "€"
    },
    "productPricePerUnit": {
      "value": 19.56,
      "unit": "€/l"
    },
    "productPriceWithLoyaltyCard": null,
    "productPricePerUnitWithLoyaltyCard": null,
    "imageUrl": "https://cdn.barbora.lv/products/d33f85c2-a1d7-4535-89ab-f6cb92186f42_s.png",
    "available": true,
    "discount": null
  },
  {
    "shop": "MAXIMA",
    "categories": [
      1,
      1001,
      1001003
    ],
    "productName": "Vīns S.STEPHAN TOKAJI SZAMORODNI 13%0,5L",
    "productPriceOld": null,
    "productPrice": {
      "value": 9.79,
      "unit": "€"
    },
    "productPricePerUnit": {
      "value": 19.58,
      "unit": "€/l"
    },
    "productPriceWithLoyaltyCard": null,
    "productPricePerUnitWithLoyaltyCard": null,
    "imageUrl": "https://cdn.barbora.lv/products/a86fc14c-5e5b-44d3-ba45-9e11548cdd1f_s.png",
    "available": true,
    "discount": null
  },
  {
    "shop": "RIMI",
    "categories": [
      1,
      1001,
      1001003
    ],
    "productName": "Baltvīns Villa Haas Riesling 12,5% 0,75l",
    "productPriceOld": null,
    "productPrice": {
      "value": 14.69,
      "unit": "€/gab"
    },
    "productPricePerUnit": {
      "value": 19.59,
      "unit": "€/l"
    },
    "productPriceWithLoyaltyCard": null,
    "productPricePerUnitWithLoyaltyCard": null,
    "imageUrl": "https://rimibaltic-res.cloudinary.com/image/upload/d_ecommerce:backend-fallback.png/MAT_7290016_PCE_LV",
    "available": true,
    "discount": null
  },
  {
    "shop": "MAXIMA",
    "categories": [
      1,
      1001,
      1001009
    ],
    "productName": "Viskijs JIM BEAM 40% 1l",
    "productPriceOld": {
      "value": 32.84,
      "unit": "€"
    },
    "productPrice": {
      "value": 32.84,
      "unit": "€"
    },
    "productPricePerUnit": {
      "value": 32.84,
      "unit": "€/l"
    },
    "productPriceWithLoyaltyCard": {
      "value": 19.59,
      "unit": "€"
    },
    "productPricePerUnitWithLoyaltyCard": {
      "value": 19.59,
      "unit": "€/l"
    },
    "imageUrl": "https://cdn.barbora.lv/products/aacda799-d5f1-42d4-9a38-8b4a9abaff72_s.png",
    "available": true,
    "discount": 40
  },
  {
    "shop": "CITRO",
    "categories": [
      2,
      2001,
      2001004
    ],
    "productName": "SAUSMAIZĪTES RUDZU GROZIŅI LINKUSUO ORIGINAL 150G",
    "productPriceOld": null,
    "productPrice": null,
    "productPricePerUnit": {
      "value": 19.67,
      "unit": "€/KG"
    },
    "productPriceWithLoyaltyCard": null,
    "productPricePerUnitWithLoyaltyCard": null,
    "imageUrl": "https://rezekne.citro.lv/wp-content/uploads/2024/04/6420400000341-300x300.jpg",
    "available": true,
    "discount": null
  },
  {
    "shop": "MAXIMA",
    "categories": [
      1,
      1001,
      10010016
    ],
    "productName": "Degvīns NORDIK 40% 0,7L",
    "productPriceOld": null,
    "productPrice": {
      "value": 13.81,
      "unit": "€"
    },
    "productPricePerUnit": {
      "value": 19.73,
      "unit": "€/l"
    },
    "productPriceWithLoyaltyCard": null,
    "productPricePerUnitWithLoyaltyCard": null,
    "imageUrl": "https://cdn.barbora.lv/products/e6956b92-07e9-4c22-a10d-df38e1324fa0_s.png",
    "available": true,
    "discount": null
  },
  {
    "shop": "CITRO",
    "categories": [
      2,
      2001,
      20010015
    ],
    "productName": "STABURADZE KAROTĪTES SĀĻĀS 40GB 200G",
    "productPriceOld": null,
    "productPrice": null,
    "productPricePerUnit": {
      "value": 19.75,
      "unit": "€/KG"
    },
    "productPriceWithLoyaltyCard": null,
    "productPricePerUnitWithLoyaltyCard": null,
    "imageUrl": "https://rezekne.citro.lv/wp-content/uploads/2022/03/4751008073164-300x300.jpg",
    "available": true,
    "discount": null
  },
  {
    "shop": "CITRO",
    "categories": [
      1,
      1001,
      10010016
    ],
    "productName": "DEGVĪNS MERNAJA-NA MOLOKE 40% 0.5L",
    "productPriceOld": null,
    "productPrice": null,
    "productPricePerUnit": {
      "value": 19.78,
      "unit": "€/L"
    },
    "productPriceWithLoyaltyCard": null,
    "productPricePerUnitWithLoyaltyCard": null,
    "imageUrl": "https://rezekne.citro.lv/wp-content/uploads/2021/08/4820225080368-300x300.jpg",
    "available": true,
    "discount": null
  },
  {
    "shop": "RIMI",
    "categories": [
      1,
      1001,
      1001003
    ],
    "productName": "S.v. Masi Passo Rosso BIO 14% 0,75l",
    "productPriceOld": null,
    "productPrice": {
      "value": 14.85,
      "unit": "€/gab"
    },
    "productPricePerUnit": {
      "value": 19.8,
      "unit": "€/l"
    },
    "productPriceWithLoyaltyCard": null,
    "productPricePerUnitWithLoyaltyCard": null,
    "imageUrl": "https://rimibaltic-res.cloudinary.com/image/upload/d_ecommerce:backend-fallback.png/MAT_7209818_PCE_LV",
    "available": true,
    "discount": null
  },
  {
    "shop": "RIMI",
    "categories": [
      1,
      1001,
      1001003
    ],
    "productName": "S.v. Masi Passo Rosso BIO 14% 0,75l",
    "productPriceOld": null,
    "productPrice": {
      "value": 14.85,
      "unit": "€/gab"
    },
    "productPricePerUnit": {
      "value": 19.8,
      "unit": "€/l"
    },
    "productPriceWithLoyaltyCard": null,
    "productPricePerUnitWithLoyaltyCard": null,
    "imageUrl": "https://rimibaltic-res.cloudinary.com/image/upload/d_ecommerce:backend-fallback.png/MAT_7209818_PCE_LV",
    "available": true,
    "discount": null
  },
  {
    "shop": "RIMI",
    "categories": [
      1,
      1001,
      10010013
    ],
    "productName": "Ruma liķieris Malibu 21% 0.7L",
    "productPriceOld": null,
    "productPrice": {
      "value": 13.89,
      "unit": "€/gab"
    },
    "productPricePerUnit": {
      "value": 19.84,
      "unit": "€/l"
    },
    "productPriceWithLoyaltyCard": null,
    "productPricePerUnitWithLoyaltyCard": null,
    "imageUrl": "https://rimibaltic-res.cloudinary.com/image/upload/d_ecommerce:backend-fallback.png/MAT_721066_PCE_LV",
    "available": true,
    "discount": null
  },
  {
    "shop": "RIMI",
    "categories": [
      1,
      1001,
      10010016
    ],
    "productName": "Degvīns Gradus 40% 0,7l",
    "productPriceOld": null,
    "productPrice": {
      "value": 13.89,
      "unit": "€/gab"
    },
    "productPricePerUnit": {
      "value": 19.84,
      "unit": "€/l"
    },
    "productPriceWithLoyaltyCard": null,
    "productPricePerUnitWithLoyaltyCard": null,
    "imageUrl": "https://rimibaltic-res.cloudinary.com/image/upload/d_ecommerce:backend-fallback.png/MAT_7260847_PCE_LV",
    "available": true,
    "discount": null
  },
  {
    "shop": "MAXIMA",
    "categories": [
      1,
      1001,
      10010016
    ],
    "productName": "Degvīns GRADUS 40% 0,7L",
    "productPriceOld": null,
    "productPrice": {
      "value": 13.89,
      "unit": "€"
    },
    "productPricePerUnit": {
      "value": 19.84,
      "unit": "€/l"
    },
    "productPriceWithLoyaltyCard": null,
    "productPricePerUnitWithLoyaltyCard": null,
    "imageUrl": "https://cdn.barbora.lv/products/a824cd48-e759-4d93-b20f-f307ede6a95a_s.png",
    "available": true,
    "discount": null
  },
  {
    "shop": "RIMI",
    "categories": [
      1,
      1001,
      1001003
    ],
    "productName": "B.v. Ihringer Weisser Burgunder 12,5% 0,75l",
    "productPriceOld": null,
    "productPrice": {
      "value": 14.89,
      "unit": "€/gab"
    },
    "productPricePerUnit": {
      "value": 19.85,
      "unit": "€/l"
    },
    "productPriceWithLoyaltyCard": null,
    "productPricePerUnitWithLoyaltyCard": null,
    "imageUrl": "https://rimibaltic-res.cloudinary.com/image/upload/d_ecommerce:backend-fallback.png/MAT_7220767_PCE_LV",
    "available": true,
    "discount": null
  },
  {
    "shop": "RIMI",
    "categories": [
      1,
      1001,
      1001004
    ],
    "productName": "Dz.v. Botter Prosecco Spumante 11% 0,75l",
    "productPriceOld": null,
    "productPrice": {
      "value": 14.89,
      "unit": "€/gab"
    },
    "productPricePerUnit": {
      "value": 19.85,
      "unit": "€/l"
    },
    "productPriceWithLoyaltyCard": null,
    "productPricePerUnitWithLoyaltyCard": null,
    "imageUrl": "https://rimibaltic-res.cloudinary.com/image/upload/d_ecommerce:backend-fallback.png/MAT_7148609_PCE_LV",
    "available": true,
    "discount": null
  },
  {
    "shop": "MAXIMA",
    "categories": [
      1,
      1001,
      1001003
    ],
    "productName": "Vīns PASQUA Desire Lush&Zin Primitivo 13,5% 0,75L",
    "productPriceOld": null,
    "productPrice": {
      "value": 14.89,
      "unit": "€"
    },
    "productPricePerUnit": {
      "value": 19.85,
      "unit": "€/l"
    },
    "productPriceWithLoyaltyCard": null,
    "productPricePerUnitWithLoyaltyCard": null,
    "imageUrl": "https://cdn.barbora.lv/products/bd2599dc-5ea9-4934-bfc8-f19034b29119_s.png",
    "available": true,
    "discount": null
  },
  {
    "shop": "MAXIMA",
    "categories": [
      1,
      1001,
      1001003
    ],
    "productName": "Vīns CERRO DO SANTO RESERVA 13,5% 0,75L",
    "productPriceOld": null,
    "productPrice": {
      "value": 14.89,
      "unit": "€"
    },
    "productPricePerUnit": {
      "value": 19.85,
      "unit": "€/l"
    },
    "productPriceWithLoyaltyCard": null,
    "productPricePerUnitWithLoyaltyCard": null,
    "imageUrl": "https://cdn.barbora.lv/products/2a088ee7-06e2-4952-8fd0-2813dcf35937_s.png",
    "available": true,
    "discount": null
  },
  {
    "shop": "MAXIMA",
    "categories": [
      1,
      1001,
      1001003
    ],
    "productName": "Vīns MASI Passo Doble Rosso BIO 14%750ml",
    "productPriceOld": null,
    "productPrice": {
      "value": 14.89,
      "unit": "€"
    },
    "productPricePerUnit": {
      "value": 19.85,
      "unit": "€/l"
    },
    "productPriceWithLoyaltyCard": null,
    "productPricePerUnitWithLoyaltyCard": null,
    "imageUrl": "https://cdn.barbora.lv/products/c6e110cb-2d6c-4a79-8ca1-6511ac77e750_s.png",
    "available": true,
    "discount": null
  },
  {
    "shop": "MAXIMA",
    "categories": [
      1,
      1001,
      10010016
    ],
    "productName": "Degvīns MOSKOVSKAYA Kedrovaja 40% 0,5L",
    "productPriceOld": null,
    "productPrice": {
      "value": 9.93,
      "unit": "€"
    },
    "productPricePerUnit": {
      "value": 19.86,
      "unit": "€/l"
    },
    "productPriceWithLoyaltyCard": null,
    "productPricePerUnitWithLoyaltyCard": null,
    "imageUrl": "https://cdn.barbora.lv/products/cdfb29e2-5647-4d3d-b447-a8a96c8f752b_s.png",
    "available": true,
    "discount": null
  },
  {
    "shop": "RIMI",
    "categories": [
      1,
      1002,
      10010027
    ],
    "productName": "Šots Nutri Immunity Ginger-Lime 100ml",
    "productPriceOld": null,
    "productPrice": {
      "value": 1.99,
      "unit": "€/gab"
    },
    "productPricePerUnit": {
      "value": 19.9,
      "unit": "€/l"
    },
    "productPriceWithLoyaltyCard": null,
    "productPricePerUnitWithLoyaltyCard": null,
    "imageUrl": "https://rimibaltic-res.cloudinary.com/image/upload/d_ecommerce:backend-fallback.png/MAT_1015801_PCE_LV",
    "available": true,
    "discount": null
  },
  {
    "shop": "RIMI",
    "categories": [
      1,
      1002,
      10010027
    ],
    "productName": "Šots Nutri Beauty Collagen 100ml",
    "productPriceOld": null,
    "productPrice": {
      "value": 1.99,
      "unit": "€/gab"
    },
    "productPricePerUnit": {
      "value": 19.9,
      "unit": "€/l"
    },
    "productPriceWithLoyaltyCard": null,
    "productPricePerUnitWithLoyaltyCard": null,
    "imageUrl": "https://rimibaltic-res.cloudinary.com/image/upload/d_ecommerce:backend-fallback.png/MAT_1015795_PCE_LV",
    "available": true,
    "discount": null
  },
  {
    "shop": "RIMI",
    "categories": [
      1,
      1002,
      10010027
    ],
    "productName": "Ener. dz. Nutri Energy Power ar saldin. 100ml",
    "productPriceOld": null,
    "productPrice": {
      "value": 1.99,
      "unit": "€/gab"
    },
    "productPricePerUnit": {
      "value": 19.9,
      "unit": "€/l"
    },
    "productPriceWithLoyaltyCard": null,
    "productPricePerUnitWithLoyaltyCard": null,
    "imageUrl": "https://rimibaltic-res.cloudinary.com/image/upload/d_ecommerce:backend-fallback.png/MAT_1015779_PCE_LV",
    "available": true,
    "discount": null
  },
  {
    "shop": "RIMI",
    "categories": [
      1,
      1001,
      10010016
    ],
    "productName": "Degvīns Beloff 40% 0,1l",
    "productPriceOld": null,
    "productPrice": {
      "value": 1.99,
      "unit": "€/gab"
    },
    "productPricePerUnit": {
      "value": 19.9,
      "unit": "€/l"
    },
    "productPriceWithLoyaltyCard": null,
    "productPricePerUnitWithLoyaltyCard": null,
    "imageUrl": "https://rimibaltic-res.cloudinary.com/image/upload/d_ecommerce:backend-fallback.png/MAT_812949_PCE_LV",
    "available": true,
    "discount": null
  },
  {
    "shop": "MAXIMA",
    "categories": [
      1,
      1001,
      10010016
    ],
    "productName": "Degvīns HLIBNIJ DAR PŠENIČNA 40% 0,5L",
    "productPriceOld": null,
    "productPrice": {
      "value": 9.95,
      "unit": "€"
    },
    "productPricePerUnit": {
      "value": 19.9,
      "unit": "€/l"
    },
    "productPriceWithLoyaltyCard": null,
    "productPricePerUnitWithLoyaltyCard": null,
    "imageUrl": "https://cdn.barbora.lv/products/6a66df09-a73e-408c-af1f-3160d196e3c9_s.png",
    "available": true,
    "discount": null
  },
  {
    "shop": "MAXIMA",
    "categories": [
      1,
      1001,
      10010016
    ],
    "productName": "Degvīns HLIBNIJ DAR KLASIČNA 40% 0,5L",
    "productPriceOld": null,
    "productPrice": {
      "value": 9.95,
      "unit": "€"
    },
    "productPricePerUnit": {
      "value": 19.9,
      "unit": "€/l"
    },
    "productPriceWithLoyaltyCard": null,
    "productPricePerUnitWithLoyaltyCard": null,
    "imageUrl": "https://cdn.barbora.lv/products/8db420a4-094e-4668-804f-3609f6a9796d_s.png",
    "available": true,
    "discount": null
  },
  {
    "shop": "MAXIMA",
    "categories": [
      1,
      1001,
      10010016
    ],
    "productName": "Degvīns HLIBNIJ DAR NA PR.ZERNE 40% 0,5L",
    "productPriceOld": null,
    "productPrice": {
      "value": 9.95,
      "unit": "€"
    },
    "productPricePerUnit": {
      "value": 19.9,
      "unit": "€/l"
    },
    "productPriceWithLoyaltyCard": null,
    "productPricePerUnitWithLoyaltyCard": null,
    "imageUrl": "https://cdn.barbora.lv/products/3b45bdfc-995f-4734-9e0d-378990a44070_s.png",
    "available": true,
    "discount": null
  },
  {
    "shop": "RIMI",
    "categories": [
      2,
      2001,
      2001004
    ],
    "productName": "Sausmaizītes Rimi rudzu ar sk. krēj. g. 150g",
    "productPriceOld": null,
    "productPrice": {
      "value": 2.99,
      "unit": "€/gab"
    },
    "productPricePerUnit": {
      "value": 19.93,
      "unit": "€/kg"
    },
    "productPriceWithLoyaltyCard": null,
    "productPricePerUnitWithLoyaltyCard": null,
    "imageUrl": "https://rimibaltic-res.cloudinary.com/image/upload/d_ecommerce:backend-fallback.png/MAT_809628_PCE_LV",
    "available": true,
    "discount": null
  },
  {
    "shop": "RIMI",
    "categories": [
      2,
      2001,
      2001004
    ],
    "productName": "Sausmaizītes Rimi rudzu ar ķiplokiem 150g",
    "productPriceOld": null,
    "productPrice": {
      "value": 2.99,
      "unit": "€/gab"
    },
    "productPricePerUnit": {
      "value": 19.93,
      "unit": "€/kg"
    },
    "productPriceWithLoyaltyCard": null,
    "productPricePerUnitWithLoyaltyCard": null,
    "imageUrl": "https://rimibaltic-res.cloudinary.com/image/upload/d_ecommerce:backend-fallback.png/MAT_809619_PCE_LV",
    "available": true,
    "discount": null
  },
  {
    "shop": "RIMI",
    "categories": [
      2,
      2001,
      20010011
    ],
    "productName": "Sēklu standziņas ar jūras sāli 150g",
    "productPriceOld": null,
    "productPrice": {
      "value": 2.99,
      "unit": "€/gab"
    },
    "productPricePerUnit": {
      "value": 19.93,
      "unit": "€/kg"
    },
    "productPriceWithLoyaltyCard": null,
    "productPricePerUnitWithLoyaltyCard": null,
    "imageUrl": "https://rimibaltic-res.cloudinary.com/image/upload/d_ecommerce:backend-fallback.png/MAT_4006193_PCE_LV",
    "available": true,
    "discount": null
  },
  {
    "shop": "MAXIMA",
    "categories": [
      2,
      2001,
      2001004
    ],
    "productName": "Rudzu sausiņi LINKOSUO ar sk.krēj. 150g",
    "productPriceOld": null,
    "productPrice": {
      "value": 2.99,
      "unit": "€"
    },
    "productPricePerUnit": {
      "value": 19.93,
      "unit": "€/kg"
    },
    "productPriceWithLoyaltyCard": null,
    "productPricePerUnitWithLoyaltyCard": null,
    "imageUrl": "https://cdn.barbora.lv/products/516f23ce-d8ae-48ec-a17c-e43471565619_s.png",
    "available": true,
    "discount": null
  },
  {
    "shop": "MAXIMA",
    "categories": [
      2,
      2001,
      2001004
    ],
    "productName": "Rudzu sausiņi LINKOSUO ar ķiplokiem 150g",
    "productPriceOld": null,
    "productPrice": {
      "value": 2.99,
      "unit": "€"
    },
    "productPricePerUnit": {
      "value": 19.93,
      "unit": "€/kg"
    },
    "productPriceWithLoyaltyCard": null,
    "productPricePerUnitWithLoyaltyCard": null,
    "imageUrl": "https://cdn.barbora.lv/products/cf2868be-b1b5-4804-aef2-8b7c10658bc4_s.png",
    "available": true,
    "discount": null
  },
  {
    "shop": "MAXIMA",
    "categories": [
      2,
      2001,
      2001004
    ],
    "productName": "Rudzu sausiņi LINKOSUO Original 150g",
    "productPriceOld": null,
    "productPrice": {
      "value": 2.99,
      "unit": "€"
    },
    "productPricePerUnit": {
      "value": 19.93,
      "unit": "€/kg"
    },
    "productPriceWithLoyaltyCard": null,
    "productPricePerUnitWithLoyaltyCard": null,
    "imageUrl": "https://cdn.barbora.lv/products/5b82d52e-2e37-4608-b72a-2b90b6c474e3_s.png",
    "available": true,
    "discount": null
  },
  {
    "shop": "RIMI",
    "categories": [
      2,
      2005
    ],
    "productName": "Kūciņas Vēja pikas ar biezpienu 200g",
    "productPriceOld": null,
    "productPrice": {
      "value": 3.99,
      "unit": "€/gab"
    },
    "productPricePerUnit": {
      "value": 19.95,
      "unit": "€/kg"
    },
    "productPriceWithLoyaltyCard": null,
    "productPricePerUnitWithLoyaltyCard": null,
    "imageUrl": "https://rimibaltic-res.cloudinary.com/image/upload/d_ecommerce:backend-fallback.png/MAT_267726_PCE_LV",
    "available": true,
    "discount": null
  },
  {
    "shop": "RIMI",
    "categories": [
      2,
      2005
    ],
    "productName": "Kūciņas Vēja pikas ar vārīto krēmu 200g",
    "productPriceOld": null,
    "productPrice": {
      "value": 3.99,
      "unit": "€/gab"
    },
    "productPricePerUnit": {
      "value": 19.95,
      "unit": "€/kg"
    },
    "productPriceWithLoyaltyCard": null,
    "productPricePerUnitWithLoyaltyCard": null,
    "imageUrl": "https://rimibaltic-res.cloudinary.com/image/upload/d_ecommerce:backend-fallback.png/MAT_295502_PCE_LV",
    "available": true,
    "discount": null
  },
  {
    "shop": "RIMI",
    "categories": [
      2,
      2001,
      20010015
    ],
    "productName": "Groziņi Staburadze sāļās karotītes 200g",
    "productPriceOld": null,
    "productPrice": {
      "value": 3.99,
      "unit": "€/gab"
    },
    "productPricePerUnit": {
      "value": 19.95,
      "unit": "€/kg"
    },
    "productPriceWithLoyaltyCard": null,
    "productPricePerUnitWithLoyaltyCard": null,
    "imageUrl": "https://rimibaltic-res.cloudinary.com/image/upload/d_ecommerce:backend-fallback.png/MAT_282586_PCE_LV",
    "available": true,
    "discount": null
  },
  {
    "shop": "RIMI",
    "categories": [
      2,
      2001,
      20010015,
      2001001
    ],
    "productName": "Sausmaiz. pilngr. ar tomāt. un mozarellu 200g",
    "productPriceOld": null,
    "productPrice": {
      "value": 3.99,
      "unit": "€/gab"
    },
    "productPricePerUnit": {
      "value": 19.95,
      "unit": "€/kg"
    },
    "productPriceWithLoyaltyCard": null,
    "productPricePerUnitWithLoyaltyCard": null,
    "imageUrl": "https://rimibaltic-res.cloudinary.com/image/upload/d_ecommerce:backend-fallback.png/MAT_941320_PCE_LV",
    "available": true,
    "discount": null
  },
  {
    "shop": "RIMI",
    "categories": [
      1,
      1001,
      10010019
    ],
    "productName": "Stiprs alkoholis. dzēriens Bonaparte 38% 0,2l",
    "productPriceOld": null,
    "productPrice": {
      "value": 3.99,
      "unit": "€/gab"
    },
    "productPricePerUnit": {
      "value": 19.95,
      "unit": "€/l"
    },
    "productPriceWithLoyaltyCard": null,
    "productPricePerUnitWithLoyaltyCard": null,
    "imageUrl": "https://rimibaltic-res.cloudinary.com/image/upload/d_ecommerce:backend-fallback.png/MAT_138582_PCE_LV",
    "available": true,
    "discount": null
  },
  {
    "shop": "RIMI",
    "categories": [
      1,
      1001,
      10010010
    ],
    "productName": "Brendijs Imperial XII 36% 0,2l",
    "productPriceOld": null,
    "productPrice": {
      "value": 3.99,
      "unit": "€/gab"
    },
    "productPricePerUnit": {
      "value": 19.95,
      "unit": "€/l"
    },
    "productPriceWithLoyaltyCard": null,
    "productPricePerUnitWithLoyaltyCard": null,
    "imageUrl": "https://rimibaltic-res.cloudinary.com/image/upload/d_ecommerce:backend-fallback.png/MAT_7018847_PCE_LV",
    "available": true,
    "discount": null
  },
  {
    "shop": "RIMI",
    "categories": [
      1,
      1001,
      10010016
    ],
    "productName": "Degvīns Bartender's Club 40% 0,2l",
    "productPriceOld": null,
    "productPrice": {
      "value": 3.99,
      "unit": "€/gab"
    },
    "productPricePerUnit": {
      "value": 19.95,
      "unit": "€/l"
    },
    "productPriceWithLoyaltyCard": null,
    "productPricePerUnitWithLoyaltyCard": null,
    "imageUrl": "https://rimibaltic-res.cloudinary.com/image/upload/d_ecommerce:backend-fallback.png/MAT_804973_PCE_LV",
    "available": true,
    "discount": null
  },
  {
    "shop": "MAXIMA",
    "categories": [
      1,
      1001,
      10010010
    ],
    "productName": "Brendijs IMPERIAL XII VSOP 36% 0,2L",
    "productPriceOld": {
      "value": 5.09,
      "unit": "€"
    },
    "productPrice": {
      "value": 5.09,
      "unit": "€"
    },
    "productPricePerUnit": {
      "value": 25.45,
      "unit": "€/l"
    },
    "productPriceWithLoyaltyCard": {
      "value": 3.99,
      "unit": "€"
    },
    "productPricePerUnitWithLoyaltyCard": {
      "value": 19.95,
      "unit": "€/l"
    },
    "imageUrl": "https://cdn.barbora.lv/products/5c1aef25-27f7-4d63-9b3d-2ee61c83b445_s.png",
    "available": true,
    "discount": 22
  },
  {
    "shop": "MAXIMA",
    "categories": [
      2,
      2001,
      20010015
    ],
    "productName": "Karotītes sāļās STABURADZE 200g",
    "productPriceOld": null,
    "productPrice": {
      "value": 3.99,
      "unit": "€"
    },
    "productPricePerUnit": {
      "value": 19.95,
      "unit": "€/kg"
    },
    "productPriceWithLoyaltyCard": null,
    "productPricePerUnitWithLoyaltyCard": null,
    "imageUrl": "https://cdn.barbora.lv/products/2bd8d540-fee7-4b62-bd33-1ef37a8a70ee_s.png",
    "available": true,
    "discount": null
  },
  {
    "shop": "CITRO",
    "categories": [
      1,
      1001,
      10010019
    ],
    "productName": "ST.ALK.DZ. BONUS 36% 0.2L",
    "productPriceOld": null,
    "productPrice": null,
    "productPricePerUnit": {
      "value": 19.95,
      "unit": "€/L"
    },
    "productPriceWithLoyaltyCard": null,
    "productPricePerUnitWithLoyaltyCard": null,
    "imageUrl": "https://rezekne.citro.lv/wp-content/uploads/2021/02/4750036040544-300x300.jpg",
    "available": true,
    "discount": null
  },
  {
    "shop": "RIMI",
    "categories": [
      1,
      1001,
      1001003
    ],
    "productName": "Upeņu vīns Abavas, saldais 10% 0,25l",
    "productPriceOld": null,
    "productPrice": {
      "value": 4.99,
      "unit": "€/gab"
    },
    "productPricePerUnit": {
      "value": 19.96,
      "unit": "€/l"
    },
    "productPriceWithLoyaltyCard": null,
    "productPricePerUnitWithLoyaltyCard": null,
    "imageUrl": "https://rimibaltic-res.cloudinary.com/image/upload/d_ecommerce:backend-fallback.png/MAT_7289864_PCE_LV",
    "available": true,
    "discount": null
  },
  {
    "shop": "RIMI",
    "categories": [
      2,
      2009
    ],
    "productName": "Eklēru izlase Liepkalni vaniļas, melleņu 300g",
    "productPriceOld": null,
    "productPrice": {
      "value": 5.99,
      "unit": "€/gab"
    },
    "productPricePerUnit": {
      "value": 19.97,
      "unit": "€/kg"
    },
    "productPriceWithLoyaltyCard": null,
    "productPricePerUnitWithLoyaltyCard": null,
    "imageUrl": "https://rimibaltic-res.cloudinary.com/image/upload/d_ecommerce:backend-fallback.png/MAT_4004827_PCE_LV",
    "available": true,
    "discount": null
  },
  {
    "shop": "RIMI",
    "categories": [
      1,
      1001,
      10010019
    ],
    "productName": "Stiprs alkohol. dzēriens Bonaparte 38% 0,35l",
    "productPriceOld": null,
    "productPrice": {
      "value": 6.99,
      "unit": "€/gab"
    },
    "productPricePerUnit": {
      "value": 19.97,
      "unit": "€/l"
    },
    "productPriceWithLoyaltyCard": null,
    "productPricePerUnitWithLoyaltyCard": null,
    "imageUrl": "https://rimibaltic-res.cloudinary.com/image/upload/d_ecommerce:backend-fallback.png/MAT_463057_PCE_LV",
    "available": true,
    "discount": null
  },
  {
    "shop": "MAXIMA",
    "categories": [
      1,
      1001,
      1001003
    ],
    "productName": "Vīns BIG GAME Malbec 14,5% 0,75L",
    "productPriceOld": null,
    "productPrice": {
      "value": 14.98,
      "unit": "€"
    },
    "productPricePerUnit": {
      "value": 19.97,
      "unit": "€/l"
    },
    "productPriceWithLoyaltyCard": null,
    "productPricePerUnitWithLoyaltyCard": null,
    "imageUrl": "https://cdn.barbora.lv/products/304e0947-d9b9-476f-bfab-4e31087f1f96_s.png",
    "available": true,
    "discount": null
  },
  {
    "shop": "RIMI",
    "categories": [
      1,
      1001,
      10010013
    ],
    "productName": "Liķieris Vana Tallinn 40% 0,5l PET",
    "productPriceOld": null,
    "productPrice": {
      "value": 11.65,
      "unit": "€/gab"
    },
    "productPricePerUnit": {
      "value": 23.3,
      "unit": "€/l"
    },
    "productPriceWithLoyaltyCard": {
      "value": 9.99,
      "unit": "€"
    },
    "productPricePerUnitWithLoyaltyCard": {
      "value": 19.98,
      "unit": "€/l"
    },
    "imageUrl": "https://rimibaltic-res.cloudinary.com/image/upload/d_ecommerce:backend-fallback.png/MAT_108837_PCE_LV",
    "available": true,
    "discount": 14
  },
  {
    "shop": "RIMI",
    "categories": [
      1,
      1001,
      10010012
    ],
    "productName": "Džins Saaremaa Rabarber 37,5% 0,5l",
    "productPriceOld": null,
    "productPrice": {
      "value": 14.75,
      "unit": "€/gab"
    },
    "productPricePerUnit": {
      "value": 29.5,
      "unit": "€/l"
    },
    "productPriceWithLoyaltyCard": {
      "value": 9.99,
      "unit": "€"
    },
    "productPricePerUnitWithLoyaltyCard": {
      "value": 19.98,
      "unit": "€/l"
    },
    "imageUrl": "https://rimibaltic-res.cloudinary.com/image/upload/d_ecommerce:backend-fallback.png/MAT_7224178_PCE_LV",
    "available": true,
    "discount": 32
  },
  {
    "shop": "RIMI",
    "categories": [
      1,
      1001,
      10010010
    ],
    "productName": "Brendijs Magistr VSOP 36% 0,5l",
    "productPriceOld": null,
    "productPrice": {
      "value": 11.69,
      "unit": "€/gab"
    },
    "productPricePerUnit": {
      "value": 23.38,
      "unit": "€/l"
    },
    "productPriceWithLoyaltyCard": {
      "value": 9.99,
      "unit": "€"
    },
    "productPricePerUnitWithLoyaltyCard": {
      "value": 19.98,
      "unit": "€/l"
    },
    "imageUrl": "https://rimibaltic-res.cloudinary.com/image/upload/d_ecommerce:backend-fallback.png/MAT_7067902_PCE_LV",
    "available": true,
    "discount": 15
  },
  {
    "shop": "RIMI",
    "categories": [
      1,
      1001,
      10010012
    ],
    "productName": "Džins Saaremaa Orange 37,5% 0,5l",
    "productPriceOld": null,
    "productPrice": {
      "value": 14.89,
      "unit": "€/gab"
    },
    "productPricePerUnit": {
      "value": 29.78,
      "unit": "€/l"
    },
    "productPriceWithLoyaltyCard": {
      "value": 9.99,
      "unit": "€"
    },
    "productPricePerUnitWithLoyaltyCard": {
      "value": 19.98,
      "unit": "€/l"
    },
    "imageUrl": "https://rimibaltic-res.cloudinary.com/image/upload/d_ecommerce:backend-fallback.png/MAT_7246716_PCE_LV",
    "available": true,
    "discount": 33
  },
  {
    "shop": "RIMI",
    "categories": [
      1,
      1001,
      10010012
    ],
    "productName": "Džins Saaremaa aveņu 37,5% 0,5l",
    "productPriceOld": null,
    "productPrice": {
      "value": 14.35,
      "unit": "€/gab"
    },
    "productPricePerUnit": {
      "value": 28.7,
      "unit": "€/l"
    },
    "productPriceWithLoyaltyCard": {
      "value": 9.99,
      "unit": "€"
    },
    "productPricePerUnitWithLoyaltyCard": {
      "value": 19.98,
      "unit": "€/l"
    },
    "imageUrl": "https://rimibaltic-res.cloudinary.com/image/upload/d_ecommerce:backend-fallback.png/MAT_7267293_PCE_LV",
    "available": true,
    "discount": 30
  },
  {
    "shop": "RIMI",
    "categories": [
      1,
      1001,
      10010012
    ],
    "productName": "Džins Saaremaa Orange 37,5% 0,5l",
    "productPriceOld": null,
    "productPrice": {
      "value": 14.89,
      "unit": "€/gab"
    },
    "productPricePerUnit": {
      "value": 29.78,
      "unit": "€/l"
    },
    "productPriceWithLoyaltyCard": {
      "value": 9.99,
      "unit": "€"
    },
    "productPricePerUnitWithLoyaltyCard": {
      "value": 19.98,
      "unit": "€/l"
    },
    "imageUrl": "https://rimibaltic-res.cloudinary.com/image/upload/d_ecommerce:backend-fallback.png/MAT_7246716_PCE_LV",
    "available": true,
    "discount": 33
  },
  {
    "shop": "RIMI",
    "categories": [
      1,
      1001,
      10010016
    ],
    "productName": "Degvīns Nemiroff Delikat 40% 0,5l",
    "productPriceOld": null,
    "productPrice": {
      "value": 14.79,
      "unit": "€/gab"
    },
    "productPricePerUnit": {
      "value": 29.58,
      "unit": "€/l"
    },
    "productPriceWithLoyaltyCard": {
      "value": 9.99,
      "unit": "€"
    },
    "productPricePerUnitWithLoyaltyCard": {
      "value": 19.98,
      "unit": "€/l"
    },
    "imageUrl": "https://rimibaltic-res.cloudinary.com/image/upload/d_ecommerce:backend-fallback.png/MAT_154623_PCE_LV",
    "available": true,
    "discount": 32
  },
  {
    "shop": "RIMI",
    "categories": [
      1,
      1001,
      10010010
    ],
    "productName": "Brendijs Belij Aist 3* Vinmoldov 40% 0,5l",
    "productPriceOld": null,
    "productPrice": {
      "value": 9.99,
      "unit": "€/gab"
    },
    "productPricePerUnit": {
      "value": 19.98,
      "unit": "€/l"
    },
    "productPriceWithLoyaltyCard": null,
    "productPricePerUnitWithLoyaltyCard": null,
    "imageUrl": "https://rimibaltic-res.cloudinary.com/image/upload/d_ecommerce:backend-fallback.png/MAT_445696_PCE_LV",
    "available": true,
    "discount": null
  },
  {
    "shop": "RIMI",
    "categories": [
      1,
      1001,
      10010013
    ],
    "productName": "Liķieris Koskenkorva Mojito 15% 0,5l",
    "productPriceOld": null,
    "productPrice": {
      "value": 9.99,
      "unit": "€/gab"
    },
    "productPricePerUnit": {
      "value": 19.98,
      "unit": "€/l"
    },
    "productPriceWithLoyaltyCard": null,
    "productPricePerUnitWithLoyaltyCard": null,
    "imageUrl": "https://rimibaltic-res.cloudinary.com/image/upload/d_ecommerce:backend-fallback.png/MAT_7234602_PCE_LV",
    "available": true,
    "discount": null
  },
  {
    "shop": "RIMI",
    "categories": [
      1,
      1001,
      10010013
    ],
    "productName": "Liķieris Koskenkorva Mojito 15% 0,5l",
    "productPriceOld": null,
    "productPrice": {
      "value": 9.99,
      "unit": "€/gab"
    },
    "productPricePerUnit": {
      "value": 19.98,
      "unit": "€/l"
    },
    "productPriceWithLoyaltyCard": null,
    "productPricePerUnitWithLoyaltyCard": null,
    "imageUrl": "https://rimibaltic-res.cloudinary.com/image/upload/d_ecommerce:backend-fallback.png/MAT_7234602_PCE_LV",
    "available": true,
    "discount": null
  },
  {
    "shop": "MAXIMA",
    "categories": [
      1,
      1001,
      10010010
    ],
    "productName": "Brendijs BELIJ AIST 3* 40% 0,5l",
    "productPriceOld": {
      "value": 12.22,
      "unit": "€"
    },
    "productPrice": {
      "value": 12.22,
      "unit": "€"
    },
    "productPricePerUnit": {
      "value": 24.44,
      "unit": "€/l"
    },
    "productPriceWithLoyaltyCard": {
      "value": 9.99,
      "unit": "€"
    },
    "productPricePerUnitWithLoyaltyCard": {
      "value": 19.98,
      "unit": "€/l"
    },
    "imageUrl": "https://cdn.barbora.lv/products/22523b37-4bed-4700-a550-66434a1dbf68_s.png",
    "available": true,
    "discount": 18
  },
  {
    "shop": "MAXIMA",
    "categories": [
      1,
      1001,
      10010019
    ],
    "productName": "St.alk.dzēr.OAKHEART Original 32,5% 0,7L",
    "productPriceOld": {
      "value": 19.61,
      "unit": "€"
    },
    "productPrice": {
      "value": 19.61,
      "unit": "€"
    },
    "productPricePerUnit": {
      "value": 28.01,
      "unit": "€/l"
    },
    "productPriceWithLoyaltyCard": {
      "value": 13.99,
      "unit": "€"
    },
    "productPricePerUnitWithLoyaltyCard": {
      "value": 19.98,
      "unit": "€/l"
    },
    "imageUrl": "https://cdn.barbora.lv/products/e4a8e550-a11e-4c7a-b437-242e7e51540b_s.png",
    "available": true,
    "discount": 29
  },
  {
    "shop": "MAXIMA",
    "categories": [
      1,
      1001,
      10010013
    ],
    "productName": "Liķieris VANA TALLINN 40% 0,5l",
    "productPriceOld": {
      "value": 12.59,
      "unit": "€"
    },
    "productPrice": {
      "value": 9.99,
      "unit": "€"
    },
    "productPricePerUnit": {
      "value": 19.98,
      "unit": "€/l"
    },
    "productPriceWithLoyaltyCard": null,
    "productPricePerUnitWithLoyaltyCard": null,
    "imageUrl": "https://cdn.barbora.lv/products/ced99413-c266-4686-9541-4a3b83f53259_s.png",
    "available": true,
    "discount": 21
  },
  {
    "shop": "MAXIMA",
    "categories": [
      1,
      1001,
      10010010
    ],
    "productName": "Brendijs IMPERIAL XII VSOP 36% 0,5L",
    "productPriceOld": {
      "value": 13.59,
      "unit": "€"
    },
    "productPrice": {
      "value": 13.59,
      "unit": "€"
    },
    "productPricePerUnit": {
      "value": 27.18,
      "unit": "€/l"
    },
    "productPriceWithLoyaltyCard": {
      "value": 9.99,
      "unit": "€"
    },
    "productPricePerUnitWithLoyaltyCard": {
      "value": 19.98,
      "unit": "€/l"
    },
    "imageUrl": "https://cdn.barbora.lv/products/78e4b2f6-71fa-4e1b-886e-5d2bcdfa90f7_s.png",
    "available": true,
    "discount": 26
  },
  {
    "shop": "MAXIMA",
    "categories": [
      1,
      1001,
      10010010
    ],
    "productName": "Brendijs STRUGURAŠ 3* 40% 0,5l",
    "productPriceOld": {
      "value": 13.91,
      "unit": "€"
    },
    "productPrice": {
      "value": 9.99,
      "unit": "€"
    },
    "productPricePerUnit": {
      "value": 19.98,
      "unit": "€/l"
    },
    "productPriceWithLoyaltyCard": null,
    "productPricePerUnitWithLoyaltyCard": null,
    "imageUrl": "https://cdn.barbora.lv/products/190b3b22-386f-4a07-bd4e-57dfa8be7b9f_s.png",
    "available": true,
    "discount": 28
  },
  {
    "shop": "CITRO",
    "categories": [
      1,
      1001,
      10010019
    ],
    "productName": "ST.ALK.DZ. ATLANTIS 38% 0.5L",
    "productPriceOld": {
      "value": 11.99,
      "unit": "€"
    },
    "productPrice": {
      "value": 9.99,
      "unit": "€"
    },
    "productPricePerUnit": {
      "value": 19.98,
      "unit": "€/L"
    },
    "productPriceWithLoyaltyCard": null,
    "productPricePerUnitWithLoyaltyCard": null,
    "imageUrl": "https://rezekne.citro.lv/wp-content/uploads/2020/12/4740050020974-300x300.jpg",
    "available": true,
    "discount": 17
  },
  {
    "shop": "CITRO",
    "categories": [
      1,
      1001,
      10010016
    ],
    "productName": "DEGVĪNS PEREPJOLKA KLASIČNA 40% 0.5L",
    "productPriceOld": null,
    "productPrice": null,
    "productPricePerUnit": {
      "value": 19.98,
      "unit": "€/L"
    },
    "productPriceWithLoyaltyCard": null,
    "productPricePerUnitWithLoyaltyCard": null,
    "imageUrl": "https://rezekne.citro.lv/wp-content/uploads/2024/06/4820080725398-300x300.jpg",
    "available": true,
    "discount": null
  },
  {
    "shop": "CITRO",
    "categories": [
      1,
      1001,
      10010012
    ],
    "productName": "DŽINS JOHAN FREITAG GIN 38% 0.5L",
    "productPriceOld": null,
    "productPrice": null,
    "productPricePerUnit": {
      "value": 19.98,
      "unit": "€/L"
    },
    "productPriceWithLoyaltyCard": null,
    "productPricePerUnitWithLoyaltyCard": null,
    "imageUrl": "https://rezekne.citro.lv/wp-content/uploads/2021/02/6419801155316-300x300.jpg",
    "available": true,
    "discount": null
  },
  {
    "shop": "CITRO",
    "categories": [
      1,
      1001,
      10010010
    ],
    "productName": "BRENDIJS MAGISTR CHERRY 30% 0.5L",
    "productPriceOld": null,
    "productPrice": null,
    "productPricePerUnit": {
      "value": 19.98,
      "unit": "€/L"
    },
    "productPriceWithLoyaltyCard": null,
    "productPricePerUnitWithLoyaltyCard": null,
    "imageUrl": "https://rezekne.citro.lv/wp-content/uploads/2021/03/4840044008305-300x300.jpg",
    "available": true,
    "discount": null
  },
  {
    "shop": "CITRO",
    "categories": [
      1,
      1001,
      10010019
    ],
    "productName": "APERITĪVS BITTER MIONETTO APERITIVO 11% 0.5L",
    "productPriceOld": null,
    "productPrice": null,
    "productPricePerUnit": {
      "value": 19.98,
      "unit": "€/L"
    },
    "productPriceWithLoyaltyCard": null,
    "productPricePerUnitWithLoyaltyCard": null,
    "imageUrl": "https://rezekne.citro.lv/wp-content/uploads/2024/06/8006220004189-300x300.jpg",
    "available": true,
    "discount": null
  },
  {
    "shop": "CITRO",
    "categories": [
      1,
      1001,
      10010016
    ],
    "productName": "DEGVĪNS LJOGKAJA VODKA VOZDUH 40% 0.5L",
    "productPriceOld": null,
    "productPrice": null,
    "productPricePerUnit": {
      "value": 19.98,
      "unit": "€/L"
    },
    "productPriceWithLoyaltyCard": null,
    "productPricePerUnitWithLoyaltyCard": null,
    "imageUrl": "https://rezekne.citro.lv/wp-content/uploads/2023/02/4820080728122-300x300.jpg",
    "available": true,
    "discount": null
  },
  {
    "shop": "CITRO",
    "categories": [
      1,
      1001,
      10010016
    ],
    "productName": "DEGVĪNS PEREPELKA MOLOCHNA 40% 0.5L",
    "productPriceOld": null,
    "productPrice": null,
    "productPricePerUnit": {
      "value": 19.98,
      "unit": "€/L"
    },
    "productPriceWithLoyaltyCard": null,
    "productPricePerUnitWithLoyaltyCard": null,
    "imageUrl": "https://rezekne.citro.lv/wp-content/uploads/2024/06/4823098204640-300x300.jpg",
    "available": true,
    "discount": null
  },
  {
    "shop": "RIMI",
    "categories": [
      2,
      2002
    ],
    "productName": "Torte Cielaviņa ar lazdu riekstiem 1kg",
    "productPriceOld": null,
    "productPrice": {
      "value": 19.99,
      "unit": "€/gab"
    },
    "productPricePerUnit": {
      "value": 19.99,
      "unit": "€/kg"
    },
    "productPriceWithLoyaltyCard": null,
    "productPricePerUnitWithLoyaltyCard": null,
    "imageUrl": "https://rimibaltic-res.cloudinary.com/image/upload/d_ecommerce:backend-fallback.png/MAT_276968_PCE_LV",
    "available": true,
    "discount": null
  },
  {
    "shop": "RIMI",
    "categories": [
      1,
      1001,
      1001009
    ],
    "productName": "Viskijs Ballantines Finest 40% 1l",
    "productPriceOld": null,
    "productPrice": {
      "value": 30.99,
      "unit": "€/gab"
    },
    "productPricePerUnit": {
      "value": 30.99,
      "unit": "€/l"
    },
    "productPriceWithLoyaltyCard": {
      "value": 19.99,
      "unit": "€"
    },
    "productPricePerUnitWithLoyaltyCard": {
      "value": 19.99,
      "unit": "€/l"
    },
    "imageUrl": "https://rimibaltic-res.cloudinary.com/image/upload/d_ecommerce:backend-fallback.png/MAT_102111_PCE_LV",
    "available": true,
    "discount": 35
  },
  {
    "shop": "RIMI",
    "categories": [
      1,
      1001,
      1001004
    ],
    "productName": "Dz.v. Lacheteau Cremant de 12% 0,75l",
    "productPriceOld": null,
    "productPrice": {
      "value": 14.99,
      "unit": "€/gab"
    },
    "productPricePerUnit": {
      "value": 19.99,
      "unit": "€/l"
    },
    "productPriceWithLoyaltyCard": null,
    "productPricePerUnitWithLoyaltyCard": null,
    "imageUrl": "https://rimibaltic-res.cloudinary.com/image/upload/d_ecommerce:backend-fallback.png/MAT_7094397_PCE_LV",
    "available": true,
    "discount": null
  },
  {
    "shop": "RIMI",
    "categories": [
      1,
      1001,
      1001003
    ],
    "productName": "S.v.Masseria Pietrosa Primitivo 14% 0,75l",
    "productPriceOld": null,
    "productPrice": {
      "value": 21.89,
      "unit": "€/gab"
    },
    "productPricePerUnit": {
      "value": 29.19,
      "unit": "€/l"
    },
    "productPriceWithLoyaltyCard": {
      "value": 14.99,
      "unit": "€"
    },
    "productPricePerUnitWithLoyaltyCard": {
      "value": 19.99,
      "unit": "€/l"
    },
    "imageUrl": "https://rimibaltic-res.cloudinary.com/image/upload/d_ecommerce:backend-fallback.png/MAT_7201422_PCE_LV",
    "available": true,
    "discount": 32
  },
  {
    "shop": "RIMI",
    "categories": [
      1,
      1001,
      1001004
    ],
    "productName": "Dz.v. LaCheteau Cremant de Loire 12% 0,75l",
    "productPriceOld": null,
    "productPrice": {
      "value": 14.99,
      "unit": "€/gab"
    },
    "productPricePerUnit": {
      "value": 19.99,
      "unit": "€/l"
    },
    "productPriceWithLoyaltyCard": null,
    "productPricePerUnitWithLoyaltyCard": null,
    "imageUrl": "https://rimibaltic-res.cloudinary.com/image/upload/d_ecommerce:backend-fallback.png/MAT_7068740_PCE_LV",
    "available": true,
    "discount": null
  },
  {
    "shop": "RIMI",
    "categories": [
      1,
      1001,
      1001003
    ],
    "productName": "S.v.Masseria Pietrosa Primitivo 14% 0,75l",
    "productPriceOld": null,
    "productPrice": {
      "value": 21.89,
      "unit": "€/gab"
    },
    "productPricePerUnit": {
      "value": 29.19,
      "unit": "€/l"
    },
    "productPriceWithLoyaltyCard": {
      "value": 14.99,
      "unit": "€"
    },
    "productPricePerUnitWithLoyaltyCard": {
      "value": 19.99,
      "unit": "€/l"
    },
    "imageUrl": "https://rimibaltic-res.cloudinary.com/image/upload/d_ecommerce:backend-fallback.png/MAT_7201422_PCE_LV",
    "available": true,
    "discount": 32
  },
  {
    "shop": "RIMI",
    "categories": [
      1,
      1001,
      1001007
    ],
    "productName": "Rums Colonist Spiced Black 40% 0,7l",
    "productPriceOld": null,
    "productPrice": {
      "value": 16.65,
      "unit": "€/gab"
    },
    "productPricePerUnit": {
      "value": 23.79,
      "unit": "€/l"
    },
    "productPriceWithLoyaltyCard": {
      "value": 13.99,
      "unit": "€"
    },
    "productPricePerUnitWithLoyaltyCard": {
      "value": 19.99,
      "unit": "€/l"
    },
    "imageUrl": "https://rimibaltic-res.cloudinary.com/image/upload/d_ecommerce:backend-fallback.png/MAT_7298410_PCE_LV",
    "available": true,
    "discount": 16
  },
  {
    "shop": "RIMI",
    "categories": [
      1,
      1001,
      10010013
    ],
    "productName": "Liķieris Carolans 17% 0,7l",
    "productPriceOld": null,
    "productPrice": {
      "value": 17.19,
      "unit": "€/gab"
    },
    "productPricePerUnit": {
      "value": 24.56,
      "unit": "€/l"
    },
    "productPriceWithLoyaltyCard": {
      "value": 13.99,
      "unit": "€"
    },
    "productPricePerUnitWithLoyaltyCard": {
      "value": 19.99,
      "unit": "€/l"
    },
    "imageUrl": "https://rimibaltic-res.cloudinary.com/image/upload/d_ecommerce:backend-fallback.png/MAT_726130_PCE_LV",
    "available": true,
    "discount": 19
  },
  {
    "shop": "RIMI",
    "categories": [
      1,
      1001,
      1001009
    ],
    "productName": "Viskijs Jim Beam 40% 1l",
    "productPriceOld": null,
    "productPrice": {
      "value": 34.09,
      "unit": "€/gab"
    },
    "productPricePerUnit": {
      "value": 34.09,
      "unit": "€/l"
    },
    "productPriceWithLoyaltyCard": {
      "value": 19.99,
      "unit": "€"
    },
    "productPricePerUnitWithLoyaltyCard": {
      "value": 19.99,
      "unit": "€/l"
    },
    "imageUrl": "https://rimibaltic-res.cloudinary.com/image/upload/d_ecommerce:backend-fallback.png/MAT_101810_PCE_LV",
    "available": true,
    "discount": 41
  },
  {
    "shop": "RIMI",
    "categories": [
      1,
      1001,
      10010013
    ],
    "productName": "Liķieris Fireball Cinnamon Whisky 33% 0,7l",
    "productPriceOld": null,
    "productPrice": {
      "value": 20.65,
      "unit": "€/gab"
    },
    "productPricePerUnit": {
      "value": 29.5,
      "unit": "€/l"
    },
    "productPriceWithLoyaltyCard": {
      "value": 13.99,
      "unit": "€"
    },
    "productPricePerUnitWithLoyaltyCard": {
      "value": 19.99,
      "unit": "€/l"
    },
    "imageUrl": "https://rimibaltic-res.cloudinary.com/image/upload/d_ecommerce:backend-fallback.png/MAT_7197344_PCE_LV",
    "available": true,
    "discount": 32
  },
  {
    "shop": "RIMI",
    "categories": [
      1,
      1001,
      10010016
    ],
    "productName": "Degvīns Obeliu Crafted 40% 0,7l",
    "productPriceOld": null,
    "productPrice": {
      "value": 19.49,
      "unit": "€/gab"
    },
    "productPricePerUnit": {
      "value": 27.84,
      "unit": "€/l"
    },
    "productPriceWithLoyaltyCard": {
      "value": 13.99,
      "unit": "€"
    },
    "productPricePerUnitWithLoyaltyCard": {
      "value": 19.99,
      "unit": "€/l"
    },
    "imageUrl": "https://rimibaltic-res.cloudinary.com/image/upload/d_ecommerce:backend-fallback.png/MAT_7238861_PCE_LV",
    "available": true,
    "discount": 28
  },
  {
    "shop": "RIMI",
    "categories": [
      1,
      1001,
      10010016
    ],
    "productName": "Degvīns Absolut Lime 40% 0,7l",
    "productPriceOld": null,
    "productPrice": {
      "value": 22.49,
      "unit": "€/gab"
    },
    "productPricePerUnit": {
      "value": 32.13,
      "unit": "€/l"
    },
    "productPriceWithLoyaltyCard": {
      "value": 13.99,
      "unit": "€"
    },
    "productPricePerUnitWithLoyaltyCard": {
      "value": 19.99,
      "unit": "€/l"
    },
    "imageUrl": "https://rimibaltic-res.cloudinary.com/image/upload/d_ecommerce:backend-fallback.png/MAT_7167541_PCE_LV",
    "available": true,
    "discount": 38
  },
  {
    "shop": "RIMI",
    "categories": [
      1,
      1001,
      10010011
    ],
    "productName": "Tekila Agavita Gold 38%, 0,7L",
    "productPriceOld": null,
    "productPrice": {
      "value": 16.15,
      "unit": "€/gab"
    },
    "productPricePerUnit": {
      "value": 23.07,
      "unit": "€/l"
    },
    "productPriceWithLoyaltyCard": {
      "value": 13.99,
      "unit": "€"
    },
    "productPricePerUnitWithLoyaltyCard": {
      "value": 19.99,
      "unit": "€/l"
    },
    "imageUrl": "https://rimibaltic-res.cloudinary.com/image/upload/d_ecommerce:backend-fallback.png/MAT_455365_PCE_LV",
    "available": true,
    "discount": 13
  },
  {
    "shop": "RIMI",
    "categories": [
      1,
      1001,
      1001009
    ],
    "productName": "Viskijs Canadian Old Guardhause 40% 0,7l",
    "productPriceOld": null,
    "productPrice": {
      "value": 18.99,
      "unit": "€/gab"
    },
    "productPricePerUnit": {
      "value": 27.13,
      "unit": "€/l"
    },
    "productPriceWithLoyaltyCard": {
      "value": 13.99,
      "unit": "€"
    },
    "productPricePerUnitWithLoyaltyCard": {
      "value": 19.99,
      "unit": "€/l"
    },
    "imageUrl": "https://rimibaltic-res.cloudinary.com/image/upload/d_ecommerce:backend-fallback.png/MAT_104776_PCE_LV",
    "available": true,
    "discount": 26
  },
  {
    "shop": "RIMI",
    "categories": [
      1,
      1001,
      10010016
    ],
    "productName": "Degvīns Absolut Citron 40% 0,7l",
    "productPriceOld": null,
    "productPrice": {
      "value": 22.49,
      "unit": "€/gab"
    },
    "productPricePerUnit": {
      "value": 32.13,
      "unit": "€/l"
    },
    "productPriceWithLoyaltyCard": {
      "value": 13.99,
      "unit": "€"
    },
    "productPricePerUnitWithLoyaltyCard": {
      "value": 19.99,
      "unit": "€/l"
    },
    "imageUrl": "https://rimibaltic-res.cloudinary.com/image/upload/d_ecommerce:backend-fallback.png/MAT_101819_PCE_LV",
    "available": true,
    "discount": 38
  },
  {
    "shop": "RIMI",
    "categories": [
      1,
      1001,
      10010016
    ],
    "productName": "Degvīns Absolut Citron 40% 0,7l",
    "productPriceOld": null,
    "productPrice": {
      "value": 22.49,
      "unit": "€/gab"
    },
    "productPricePerUnit": {
      "value": 32.13,
      "unit": "€/l"
    },
    "productPriceWithLoyaltyCard": {
      "value": 13.99,
      "unit": "€"
    },
    "productPricePerUnitWithLoyaltyCard": {
      "value": 19.99,
      "unit": "€/l"
    },
    "imageUrl": "https://rimibaltic-res.cloudinary.com/image/upload/d_ecommerce:backend-fallback.png/MAT_101819_PCE_LV",
    "available": true,
    "discount": 38
  },
  {
    "shop": "RIMI",
    "categories": [
      1,
      1001,
      1001007
    ],
    "productName": "Rums Colonist Premium Dark 40% 0,7l",
    "productPriceOld": null,
    "productPrice": {
      "value": 16.65,
      "unit": "€/gab"
    },
    "productPricePerUnit": {
      "value": 23.79,
      "unit": "€/l"
    },
    "productPriceWithLoyaltyCard": {
      "value": 13.99,
      "unit": "€"
    },
    "productPricePerUnitWithLoyaltyCard": {
      "value": 19.99,
      "unit": "€/l"
    },
    "imageUrl": "https://rimibaltic-res.cloudinary.com/image/upload/d_ecommerce:backend-fallback.png/MAT_7298389_PCE_LV",
    "available": true,
    "discount": 16
  },
  {
    "shop": "RIMI",
    "categories": [
      1,
      1001,
      1001003
    ],
    "productName": "B.v. Bischofliche Weingut. Riesling 12% 0,75l",
    "productPriceOld": null,
    "productPrice": {
      "value": 20.49,
      "unit": "€/gab"
    },
    "productPricePerUnit": {
      "value": 27.32,
      "unit": "€/l"
    },
    "productPriceWithLoyaltyCard": {
      "value": 14.99,
      "unit": "€"
    },
    "productPricePerUnitWithLoyaltyCard": {
      "value": 19.99,
      "unit": "€/l"
    },
    "imageUrl": "https://rimibaltic-res.cloudinary.com/image/upload/d_ecommerce:backend-fallback.png/MAT_7252210_PCE_LV",
    "available": true,
    "discount": 27
  },
  {
    "shop": "MAXIMA",
    "categories": [
      1,
      1001,
      1001003
    ],
    "productName": "Vīns B&G Bordeaux Reserva 12% 0,75L",
    "productPriceOld": null,
    "productPrice": {
      "value": 14.99,
      "unit": "€"
    },
    "productPricePerUnit": {
      "value": 19.99,
      "unit": "€/l"
    },
    "productPriceWithLoyaltyCard": null,
    "productPricePerUnitWithLoyaltyCard": null,
    "imageUrl": "https://cdn.barbora.lv/products/04c12aca-6faa-4765-8a04-19a96aaf9a99_s.png",
    "available": true,
    "discount": null
  },
  {
    "shop": "MAXIMA",
    "categories": [
      1,
      1001,
      10010016
    ],
    "productName": "Degvīns FIVE LAKES 40% 0,7L",
    "productPriceOld": null,
    "productPrice": {
      "value": 13.99,
      "unit": "€"
    },
    "productPricePerUnit": {
      "value": 19.99,
      "unit": "€/l"
    },
    "productPriceWithLoyaltyCard": null,
    "productPricePerUnitWithLoyaltyCard": null,
    "imageUrl": "https://cdn.barbora.lv/products/42aa684f-b6eb-4e10-94ef-de64c9c6dd99_s.png",
    "available": true,
    "discount": null
  },
  {
    "shop": "MAXIMA",
    "categories": [
      1,
      1001,
      10010016
    ],
    "productName": "Degvīns KOSHER EXCLUSIVE 40% 1L",
    "productPriceOld": {
      "value": 28.11,
      "unit": "€"
    },
    "productPrice": {
      "value": 28.11,
      "unit": "€"
    },
    "productPricePerUnit": {
      "value": 28.11,
      "unit": "€/l"
    },
    "productPriceWithLoyaltyCard": {
      "value": 19.99,
      "unit": "€"
    },
    "productPricePerUnitWithLoyaltyCard": {
      "value": 19.99,
      "unit": "€/l"
    },
    "imageUrl": "https://cdn.barbora.lv/products/0cf74250-0f06-4316-800c-5be62869f9cc_s.png",
    "available": true,
    "discount": 29
  },
  {
    "shop": "CITRO",
    "categories": [
      1,
      1001,
      10010016
    ],
    "productName": "DEGVĪNS FINLANDIA 40% 0.7L",
    "productPriceOld": {
      "value": 15.99,
      "unit": "€"
    },
    "productPrice": {
      "value": 13.99,
      "unit": "€"
    },
    "productPricePerUnit": {
      "value": 19.99,
      "unit": "€/L"
    },
    "productPriceWithLoyaltyCard": null,
    "productPricePerUnitWithLoyaltyCard": null,
    "imageUrl": "https://rezekne.citro.lv/wp-content/uploads/2021/02/6412709021776-300x300.jpg",
    "available": true,
    "discount": 13
  },
  {
    "shop": "CITRO",
    "categories": [
      1,
      1001,
      10010016
    ],
    "productName": "DEGVĪNS FINLANDIA RED 37.5% 0.7L",
    "productPriceOld": {
      "value": 15.99,
      "unit": "€"
    },
    "productPrice": {
      "value": 13.99,
      "unit": "€"
    },
    "productPricePerUnit": {
      "value": 19.99,
      "unit": "€/L"
    },
    "productPriceWithLoyaltyCard": null,
    "productPricePerUnitWithLoyaltyCard": null,
    "imageUrl": "https://rezekne.citro.lv/wp-content/uploads/2021/03/5099873002230-300x300.jpg",
    "available": true,
    "discount": 13
  },
  {
    "shop": "CITRO",
    "categories": [
      1,
      1001,
      10010016
    ],
    "productName": "DEGVĪNS FINLANDIA CRANBERRY 37.5% 0.7L",
    "productPriceOld": {
      "value": 15.99,
      "unit": "€"
    },
    "productPrice": {
      "value": 13.99,
      "unit": "€"
    },
    "productPricePerUnit": {
      "value": 19.99,
      "unit": "€/L"
    },
    "productPriceWithLoyaltyCard": null,
    "productPricePerUnitWithLoyaltyCard": null,
    "imageUrl": "https://rezekne.citro.lv/wp-content/uploads/2021/03/5099873001967-300x300.jpg",
    "available": true,
    "discount": 13
  },
  {
    "shop": "CITRO",
    "categories": [
      1,
      1001,
      10010012
    ],
    "productName": "DŽINS LB PINK 37.5% 0.7L",
    "productPriceOld": null,
    "productPrice": null,
    "productPricePerUnit": {
      "value": 19.99,
      "unit": "€/L"
    },
    "productPriceWithLoyaltyCard": null,
    "productPricePerUnitWithLoyaltyCard": null,
    "imageUrl": "https://rezekne.citro.lv/wp-content/uploads/2020/04/4750021008207-202x300.jpg",
    "available": true,
    "discount": null
  },
  {
    "shop": "CITRO",
    "categories": [
      1,
      1001,
      10010019
    ],
    "productName": "APERITĪVS APEROL BITTER 11% 0.7L",
    "productPriceOld": {
      "value": 15.99,
      "unit": "€"
    },
    "productPrice": {
      "value": 13.99,
      "unit": "€"
    },
    "productPricePerUnit": {
      "value": 19.99,
      "unit": "€/L"
    },
    "productPriceWithLoyaltyCard": null,
    "productPricePerUnitWithLoyaltyCard": null,
    "imageUrl": "https://rezekne.citro.lv/wp-content/uploads/2024/06/8002230000302-300x300.jpg",
    "available": true,
    "discount": 13
  },
  {
    "shop": "CITRO",
    "categories": [
      1,
      1001,
      10010016
    ],
    "productName": "DEGVĪNS VOROBUŠEK POLEVOJ 40% 0.7L",
    "productPriceOld": null,
    "productPrice": null,
    "productPricePerUnit": {
      "value": 19.99,
      "unit": "€/L"
    },
    "productPriceWithLoyaltyCard": null,
    "productPricePerUnitWithLoyaltyCard": null,
    "imageUrl": "https://rezekne.citro.lv/wp-content/uploads/2025/03/4870244500934-300x300.jpg",
    "available": true,
    "discount": null
  },
  {
    "shop": "CITRO",
    "categories": [
      1,
      1001,
      10010012
    ],
    "productName": "DŽINS LB DŽINS 40% 0.7L",
    "productPriceOld": null,
    "productPrice": null,
    "productPricePerUnit": {
      "value": 19.99,
      "unit": "€/L"
    },
    "productPriceWithLoyaltyCard": null,
    "productPricePerUnitWithLoyaltyCard": null,
    "imageUrl": "https://rezekne.citro.lv/wp-content/uploads/2020/12/4750021902369-300x300.jpg",
    "available": true,
    "discount": null
  },
  {
    "shop": "CITRO",
    "categories": [
      1,
      1001,
      1001009
    ],
    "productName": "VISKIJS CLAN MACGREGOR 40% 1L",
    "productPriceOld": null,
    "productPrice": null,
    "productPricePerUnit": {
      "value": 19.99,
      "unit": "€/L"
    },
    "productPriceWithLoyaltyCard": null,
    "productPricePerUnitWithLoyaltyCard": null,
    "imageUrl": "https://rezekne.citro.lv/wp-content/uploads/2024/09/5010327903101-300x300.jpg",
    "available": true,
    "discount": null
  },
  {
    "shop": "CITRO",
    "categories": [
      1,
      1001,
      10010016
    ],
    "productName": "DEGVĪNS LJOGKAJA VODKA VOZDUH 40% 0.7L",
    "productPriceOld": null,
    "productPrice": null,
    "productPricePerUnit": {
      "value": 19.99,
      "unit": "€/L"
    },
    "productPriceWithLoyaltyCard": null,
    "productPricePerUnitWithLoyaltyCard": null,
    "imageUrl": "https://rezekne.citro.lv/wp-content/uploads/2022/11/4820080728412-300x300.jpg",
    "available": true,
    "discount": null
  },
  {
    "shop": "MAXIMA",
    "categories": [
      1,
      1001,
      10010013
    ],
    "productName": "Liķieris MALIBU 21% 1L",
    "productPriceOld": null,
    "productPrice": {
      "value": 20.09,
      "unit": "€"
    },
    "productPricePerUnit": {
      "value": 20.09,
      "unit": "€/l"
    },
    "productPriceWithLoyaltyCard": null,
    "productPricePerUnitWithLoyaltyCard": null,
    "imageUrl": "https://cdn.barbora.lv/products/893c2ed4-d77e-4435-b629-efd3a88d9c1d_s.png",
    "available": true,
    "discount": null
  },
  {
    "shop": "MAXIMA",
    "categories": [
      1,
      1001,
      10010016
    ],
    "productName": "Degvīns PEREPJOLKA DOMASHNYAYA 40% 0,7L",
    "productPriceOld": null,
    "productPrice": {
      "value": 14.08,
      "unit": "€"
    },
    "productPricePerUnit": {
      "value": 20.11,
      "unit": "€/l"
    },
    "productPriceWithLoyaltyCard": null,
    "productPricePerUnitWithLoyaltyCard": null,
    "imageUrl": "https://cdn.barbora.lv/products/bd3af26e-39ec-4605-9050-1eb5d3effd48_s.png",
    "available": true,
    "discount": null
  },
  {
    "shop": "MAXIMA",
    "categories": [
      1,
      1001,
      10010016
    ],
    "productName": "Degvīns PEREPJOLKA CLASSIC 40% 0,7L",
    "productPriceOld": null,
    "productPrice": {
      "value": 14.08,
      "unit": "€"
    },
    "productPricePerUnit": {
      "value": 20.11,
      "unit": "€/l"
    },
    "productPriceWithLoyaltyCard": null,
    "productPricePerUnitWithLoyaltyCard": null,
    "imageUrl": "https://cdn.barbora.lv/products/51e2e775-3273-4eb5-a40e-788e0712bb7d_s.png",
    "available": true,
    "discount": null
  },
  {
    "shop": "RIMI",
    "categories": [
      1,
      1001,
      1001003
    ],
    "productName": "Dzirkstošais vīns Zilver Rabarberu 10% 0,75L",
    "productPriceOld": null,
    "productPrice": {
      "value": 15.09,
      "unit": "€/gab"
    },
    "productPricePerUnit": {
      "value": 20.12,
      "unit": "€/l"
    },
    "productPriceWithLoyaltyCard": null,
    "productPricePerUnitWithLoyaltyCard": null,
    "imageUrl": "https://rimibaltic-res.cloudinary.com/image/upload/d_ecommerce:backend-fallback.png/MAT_7110236_PCE_LV",
    "available": true,
    "discount": null
  },
  {
    "shop": "RIMI",
    "categories": [
      1,
      1001,
      1001003
    ],
    "productName": "Dzirkstošais vīns Zilver Rabarberu 10% 0,75L",
    "productPriceOld": null,
    "productPrice": {
      "value": 15.09,
      "unit": "€/gab"
    },
    "productPricePerUnit": {
      "value": 20.12,
      "unit": "€/l"
    },
    "productPriceWithLoyaltyCard": null,
    "productPricePerUnitWithLoyaltyCard": null,
    "imageUrl": "https://rimibaltic-res.cloudinary.com/image/upload/d_ecommerce:backend-fallback.png/MAT_7110236_PCE_LV",
    "available": true,
    "discount": null
  },
  {
    "shop": "RIMI",
    "categories": [
      1,
      1001,
      1001003
    ],
    "productName": "Baltvīns Juan Gil Jumilla, sauss 13,5% 0,75l",
    "productPriceOld": null,
    "productPrice": {
      "value": 15.09,
      "unit": "€/gab"
    },
    "productPricePerUnit": {
      "value": 20.12,
      "unit": "€/l"
    },
    "productPriceWithLoyaltyCard": null,
    "productPricePerUnitWithLoyaltyCard": null,
    "imageUrl": "https://rimibaltic-res.cloudinary.com/image/upload/d_ecommerce:backend-fallback.png/MAT_7093916_PCE_LV",
    "available": true,
    "discount": null
  },
  {
    "shop": "MAXIMA",
    "categories": [
      1,
      1001,
      1001003
    ],
    "productName": "Vīns ZONIN Chianti Classico 13% 0,75L",
    "productPriceOld": null,
    "productPrice": {
      "value": 15.09,
      "unit": "€"
    },
    "productPricePerUnit": {
      "value": 20.12,
      "unit": "€/l"
    },
    "productPriceWithLoyaltyCard": null,
    "productPricePerUnitWithLoyaltyCard": null,
    "imageUrl": "https://cdn.barbora.lv/products/6293529e-5f2e-4323-a5e3-996f83d696df_s.png",
    "available": true,
    "discount": null
  },
  {
    "shop": "MAXIMA",
    "categories": [
      1,
      1001,
      1001003
    ],
    "productName": "Vīns FINCA BACARA Sav.Blanc 12.3% 0,75L",
    "productPriceOld": null,
    "productPrice": {
      "value": 15.09,
      "unit": "€"
    },
    "productPricePerUnit": {
      "value": 20.12,
      "unit": "€/l"
    },
    "productPriceWithLoyaltyCard": null,
    "productPricePerUnitWithLoyaltyCard": null,
    "imageUrl": "https://cdn.barbora.lv/products/a6c89baf-526b-45f2-ad3f-c0495d83cc06_s.png",
    "available": true,
    "discount": null
  },
  {
    "shop": "MAXIMA",
    "categories": [
      1,
      1001,
      1001003
    ],
    "productName": "Vīns VILLA Haas Riesling'20 12,5% 0,75L",
    "productPriceOld": null,
    "productPrice": {
      "value": 15.09,
      "unit": "€"
    },
    "productPricePerUnit": {
      "value": 20.12,
      "unit": "€/l"
    },
    "productPriceWithLoyaltyCard": null,
    "productPricePerUnitWithLoyaltyCard": null,
    "imageUrl": "https://cdn.barbora.lv/products/3e2087b5-258c-42ef-9bf8-5349a4b87220_s.png",
    "available": true,
    "discount": null
  },
  {
    "shop": "MAXIMA",
    "categories": [
      1,
      1001,
      1001003
    ],
    "productName": "Vīns FINCA BACARA Yeya 12% 0,75L",
    "productPriceOld": null,
    "productPrice": {
      "value": 15.09,
      "unit": "€"
    },
    "productPricePerUnit": {
      "value": 20.12,
      "unit": "€/l"
    },
    "productPriceWithLoyaltyCard": null,
    "productPricePerUnitWithLoyaltyCard": null,
    "imageUrl": "https://cdn.barbora.lv/products/e1889de6-4cea-4701-bd91-1f531020c9cd_s.png",
    "available": true,
    "discount": null
  },
  {
    "shop": "MAXIMA",
    "categories": [
      1,
      1001,
      1001003
    ],
    "productName": "Vīns FINCA Bacara 3015 BIO 14% 0,75L",
    "productPriceOld": null,
    "productPrice": {
      "value": 15.09,
      "unit": "€"
    },
    "productPricePerUnit": {
      "value": 20.12,
      "unit": "€/l"
    },
    "productPriceWithLoyaltyCard": null,
    "productPricePerUnitWithLoyaltyCard": null,
    "imageUrl": "https://cdn.barbora.lv/products/51b956cf-ba17-4cc6-909f-5d98ec6cf672_s.png",
    "available": true,
    "discount": null
  },
  {
    "shop": "MAXIMA",
    "categories": [
      1,
      1001,
      1001003
    ],
    "productName": "Vīns SEPTIMA Malbec 14% 0,75L",
    "productPriceOld": null,
    "productPrice": {
      "value": 15.09,
      "unit": "€"
    },
    "productPricePerUnit": {
      "value": 20.12,
      "unit": "€/l"
    },
    "productPriceWithLoyaltyCard": null,
    "productPricePerUnitWithLoyaltyCard": null,
    "imageUrl": "https://cdn.barbora.lv/products/f7c347a3-9ecf-4b56-9270-98b4fc167a9c_s.png",
    "available": true,
    "discount": null
  },
  {
    "shop": "MAXIMA",
    "categories": [
      1,
      1001,
      1001003
    ],
    "productName": "Vīns CASILLERO DEL DIABLO RED 13,5%0,75L",
    "productPriceOld": null,
    "productPrice": {
      "value": 15.15,
      "unit": "€"
    },
    "productPricePerUnit": {
      "value": 20.2,
      "unit": "€/l"
    },
    "productPriceWithLoyaltyCard": null,
    "productPricePerUnitWithLoyaltyCard": null,
    "imageUrl": "https://cdn.barbora.lv/products/59afd423-792f-4666-b22c-6fd993ab7f52_s.png",
    "available": true,
    "discount": null
  },
  {
    "shop": "MAXIMA",
    "categories": [
      1,
      1001,
      10010016
    ],
    "productName": "Degvīns BERJOZOVAJA ROŠČA 40% 0,5l",
    "productPriceOld": null,
    "productPrice": {
      "value": 10.1,
      "unit": "€"
    },
    "productPricePerUnit": {
      "value": 20.2,
      "unit": "€/l"
    },
    "productPriceWithLoyaltyCard": null,
    "productPricePerUnitWithLoyaltyCard": null,
    "imageUrl": "https://cdn.barbora.lv/products/f35762dd-b9f5-46a2-8cef-410f357f1bba_s.png",
    "available": true,
    "discount": null
  },
  {
    "shop": "MAXIMA",
    "categories": [
      1,
      1001,
      1001003
    ],
    "productName": "Vīns TBILVINO MUKUZANI 14% 0,75L",
    "productPriceOld": null,
    "productPrice": {
      "value": 15.18,
      "unit": "€"
    },
    "productPricePerUnit": {
      "value": 20.24,
      "unit": "€/l"
    },
    "productPriceWithLoyaltyCard": null,
    "productPricePerUnitWithLoyaltyCard": null,
    "imageUrl": "https://cdn.barbora.lv/products/116e8320-668e-4ab2-b991-73d1ac27562e_s.png",
    "available": true,
    "discount": null
  },
  {
    "shop": "RIMI",
    "categories": [
      1,
      1001,
      1001003
    ],
    "productName": "Rozā vīns Matua Pinot Noir 13% 0,75l",
    "productPriceOld": null,
    "productPrice": {
      "value": 15.19,
      "unit": "€/gab"
    },
    "productPricePerUnit": {
      "value": 20.25,
      "unit": "€/l"
    },
    "productPriceWithLoyaltyCard": null,
    "productPricePerUnitWithLoyaltyCard": null,
    "imageUrl": "https://rimibaltic-res.cloudinary.com/image/upload/d_ecommerce:backend-fallback.png/MAT_7250547_PCE_LV",
    "available": true,
    "discount": null
  },
  {
    "shop": "RIMI",
    "categories": [
      1,
      1001,
      10010016
    ],
    "productName": "Degvīns Gradus 40% 0,2l",
    "productPriceOld": null,
    "productPrice": {
      "value": 4.05,
      "unit": "€/gab"
    },
    "productPricePerUnit": {
      "value": 20.25,
      "unit": "€/l"
    },
    "productPriceWithLoyaltyCard": null,
    "productPricePerUnitWithLoyaltyCard": null,
    "imageUrl": "https://rimibaltic-res.cloudinary.com/image/upload/d_ecommerce:backend-fallback.png/MAT_7277219_PCE_LV",
    "available": true,
    "discount": null
  },
  {
    "shop": "RIMI",
    "categories": [
      1,
      1001,
      1001003
    ],
    "productName": "S.v.Michel Torino Coleccion Malb. 12,5% 0,75l",
    "productPriceOld": null,
    "productPrice": {
      "value": 15.19,
      "unit": "€/gab"
    },
    "productPricePerUnit": {
      "value": 20.25,
      "unit": "€/l"
    },
    "productPriceWithLoyaltyCard": null,
    "productPricePerUnitWithLoyaltyCard": null,
    "imageUrl": "https://rimibaltic-res.cloudinary.com/image/upload/d_ecommerce:backend-fallback.png/MAT_793199_PCE_LV",
    "available": true,
    "discount": null
  },
  {
    "shop": "MAXIMA",
    "categories": [
      1,
      1001,
      1001003
    ],
    "productName": "Dzirkstošais vīns Calvet Cremant de Bordeaux Brut Rose 12% 0,75L",
    "productPriceOld": null,
    "productPrice": {
      "value": 15.19,
      "unit": "€"
    },
    "productPricePerUnit": {
      "value": 20.25,
      "unit": "€/l"
    },
    "productPriceWithLoyaltyCard": null,
    "productPricePerUnitWithLoyaltyCard": null,
    "imageUrl": "https://cdn.barbora.lv/products/7fc9f485-dbc1-480b-82a5-0105d680bb92_s.png",
    "available": true,
    "discount": null
  },
  {
    "shop": "MAXIMA",
    "categories": [
      1,
      1001,
      10010019
    ],
    "productName": "St.alk.dz.SLAVJANKA KREPK.dzērv. 40%0,5l",
    "productPriceOld": null,
    "productPrice": {
      "value": 10.15,
      "unit": "€"
    },
    "productPricePerUnit": {
      "value": 20.3,
      "unit": "€/l"
    },
    "productPriceWithLoyaltyCard": null,
    "productPricePerUnitWithLoyaltyCard": null,
    "imageUrl": "https://cdn.barbora.lv/products/e5237af2-6b48-49ef-a098-6cd8148b1fb1_s.png",
    "available": true,
    "discount": null
  },
  {
    "shop": "MAXIMA",
    "categories": [
      1,
      1001,
      10010019
    ],
    "productName": "St.alk.dz.SLAVJANKA KREP.Oblep. 40% 0,5l",
    "productPriceOld": null,
    "productPrice": {
      "value": 10.15,
      "unit": "€"
    },
    "productPricePerUnit": {
      "value": 20.3,
      "unit": "€/l"
    },
    "productPriceWithLoyaltyCard": null,
    "productPricePerUnitWithLoyaltyCard": null,
    "imageUrl": "https://cdn.barbora.lv/products/fbc8f33a-0420-46b8-bfb0-4ce04fa2fc14_s.png",
    "available": true,
    "discount": null
  },
  {
    "shop": "RIMI",
    "categories": [
      1,
      1001,
      1001003
    ],
    "productName": "B.v. J.Faber Spatlese Riesling 8,5% 0,75l",
    "productPriceOld": null,
    "productPrice": {
      "value": 15.25,
      "unit": "€/gab"
    },
    "productPricePerUnit": {
      "value": 20.33,
      "unit": "€/l"
    },
    "productPriceWithLoyaltyCard": null,
    "productPricePerUnitWithLoyaltyCard": null,
    "imageUrl": "https://rimibaltic-res.cloudinary.com/image/upload/d_ecommerce:backend-fallback.png/MAT_7238670_PCE_LV",
    "available": true,
    "discount": null
  },
  {
    "shop": "RIMI",
    "categories": [
      1,
      1001,
      1001003
    ],
    "productName": "B.v. J.Faber Spatlese Riesling 8,5% 0,75l",
    "productPriceOld": null,
    "productPrice": {
      "value": 15.25,
      "unit": "€/gab"
    },
    "productPricePerUnit": {
      "value": 20.33,
      "unit": "€/l"
    },
    "productPriceWithLoyaltyCard": null,
    "productPricePerUnitWithLoyaltyCard": null,
    "imageUrl": "https://rimibaltic-res.cloudinary.com/image/upload/d_ecommerce:backend-fallback.png/MAT_7238670_PCE_LV",
    "available": true,
    "discount": null
  },
  {
    "shop": "RIMI",
    "categories": [
      1,
      1001,
      1001003
    ],
    "productName": "S.v.F. Paternina Rioja Gr.Res.13,5%0,75l",
    "productPriceOld": null,
    "productPrice": {
      "value": 15.25,
      "unit": "€/gab"
    },
    "productPricePerUnit": {
      "value": 20.33,
      "unit": "€/l"
    },
    "productPriceWithLoyaltyCard": null,
    "productPricePerUnitWithLoyaltyCard": null,
    "imageUrl": "https://rimibaltic-res.cloudinary.com/image/upload/d_ecommerce:backend-fallback.png/MAT_7167879_PCE_LV",
    "available": true,
    "discount": null
  },
  {
    "shop": "RIMI",
    "categories": [
      1,
      1001,
      1001003
    ],
    "productName": "S.v.F. Paternina Rioja Gr.Res.13,5%0,75l",
    "productPriceOld": null,
    "productPrice": {
      "value": 15.25,
      "unit": "€/gab"
    },
    "productPricePerUnit": {
      "value": 20.33,
      "unit": "€/l"
    },
    "productPriceWithLoyaltyCard": null,
    "productPricePerUnitWithLoyaltyCard": null,
    "imageUrl": "https://rimibaltic-res.cloudinary.com/image/upload/d_ecommerce:backend-fallback.png/MAT_7167879_PCE_LV",
    "available": true,
    "discount": null
  },
  {
    "shop": "RIMI",
    "categories": [
      1,
      1001,
      1001003
    ],
    "productName": "S.v. Chateau La Grave 14% 0,75l",
    "productPriceOld": null,
    "productPrice": {
      "value": 15.25,
      "unit": "€/gab"
    },
    "productPricePerUnit": {
      "value": 20.33,
      "unit": "€/l"
    },
    "productPriceWithLoyaltyCard": null,
    "productPricePerUnitWithLoyaltyCard": null,
    "imageUrl": "https://rimibaltic-res.cloudinary.com/image/upload/d_ecommerce:backend-fallback.png/MAT_7020459_PCE_LV",
    "available": true,
    "discount": null
  },
  {
    "shop": "MAXIMA",
    "categories": [
      1,
      1001,
      1001003
    ],
    "productName": "Vīns ST.URBANS-HOF RIESL.TROC.11,5%0,75L",
    "productPriceOld": null,
    "productPrice": {
      "value": 15.25,
      "unit": "€"
    },
    "productPricePerUnit": {
      "value": 20.33,
      "unit": "€/l"
    },
    "productPriceWithLoyaltyCard": null,
    "productPricePerUnitWithLoyaltyCard": null,
    "imageUrl": "https://cdn.barbora.lv/products/813e2e45-0e9b-4e88-97e5-5caafed16f4a_s.png",
    "available": true,
    "discount": null
  },
  {
    "shop": "RIMI",
    "categories": [
      1,
      1001,
      1001003
    ],
    "productName": "R.v. Mateus Rose 11% 0,25l",
    "productPriceOld": null,
    "productPrice": {
      "value": 5.09,
      "unit": "€/gab"
    },
    "productPricePerUnit": {
      "value": 20.36,
      "unit": "€/l"
    },
    "productPriceWithLoyaltyCard": null,
    "productPricePerUnitWithLoyaltyCard": null,
    "imageUrl": "https://rimibaltic-res.cloudinary.com/image/upload/d_ecommerce:backend-fallback.png/MAT_7230717_PCE_LV",
    "available": true,
    "discount": null
  },
  {
    "shop": "MAXIMA",
    "categories": [
      1,
      1001,
      10010013
    ],
    "productName": "Liķieris JAGERMEISTER 35% 0,7l",
    "productPriceOld": null,
    "productPrice": {
      "value": 14.25,
      "unit": "€"
    },
    "productPricePerUnit": {
      "value": 20.36,
      "unit": "€/l"
    },
    "productPriceWithLoyaltyCard": null,
    "productPricePerUnitWithLoyaltyCard": null,
    "imageUrl": "https://cdn.barbora.lv/products/9487e959-de52-423e-8bba-856fe9df28dd_s.png",
    "available": true,
    "discount": null
  },
  {
    "shop": "MAXIMA",
    "categories": [
      1,
      1001,
      1001003
    ],
    "productName": "Vīns EAH RIESLING TROCKEN 12% 0,75L",
    "productPriceOld": null,
    "productPrice": {
      "value": 15.28,
      "unit": "€"
    },
    "productPricePerUnit": {
      "value": 20.37,
      "unit": "€/l"
    },
    "productPriceWithLoyaltyCard": null,
    "productPricePerUnitWithLoyaltyCard": null,
    "imageUrl": "https://cdn.barbora.lv/products/ac03d4ee-9b80-435c-ab1c-01f818245cbd_s.png",
    "available": true,
    "discount": null
  },
  {
    "shop": "MAXIMA",
    "categories": [
      1,
      1001,
      10010010
    ],
    "productName": "Brendijs J.P.CHENET VSOP 36% 0,7L",
    "productPriceOld": null,
    "productPrice": {
      "value": 14.26,
      "unit": "€"
    },
    "productPricePerUnit": {
      "value": 20.37,
      "unit": "€/l"
    },
    "productPriceWithLoyaltyCard": null,
    "productPricePerUnitWithLoyaltyCard": null,
    "imageUrl": "https://cdn.barbora.lv/products/00af4249-ce0b-40fc-b0d7-52dc9841e3af_s.png",
    "available": true,
    "discount": null
  },
  {
    "shop": "MAXIMA",
    "categories": [
      1,
      1001,
      10010013
    ],
    "productName": "Liķ. KOSKENKORVA Raspber.Daiq.15% 0,5L D",
    "productPriceOld": null,
    "productPrice": {
      "value": 10.19,
      "unit": "€"
    },
    "productPricePerUnit": {
      "value": 20.38,
      "unit": "€/l"
    },
    "productPriceWithLoyaltyCard": null,
    "productPricePerUnitWithLoyaltyCard": null,
    "imageUrl": "https://cdn.barbora.lv/products/dec3a321-33b4-4768-b87b-414ccbfc8d67_s.png",
    "available": true,
    "discount": null
  },
  {
    "shop": "MAXIMA",
    "categories": [
      1,
      1001,
      1001003
    ],
    "productName": "VĪNS WAIPARRA HILL PINOT NOIR 14% 0,75L",
    "productPriceOld": null,
    "productPrice": {
      "value": 15.29,
      "unit": "€"
    },
    "productPricePerUnit": {
      "value": 20.39,
      "unit": "€/l"
    },
    "productPriceWithLoyaltyCard": null,
    "productPricePerUnitWithLoyaltyCard": null,
    "imageUrl": "https://cdn.barbora.lv/products/f625eceb-9285-47dc-975e-fe37e5cbabbf_s.png",
    "available": true,
    "discount": null
  },
  {
    "shop": "MAXIMA",
    "categories": [
      1,
      1001,
      1001009
    ],
    "productName": "Viskijs BALLANTINE'S FINEST 40% 0,5L",
    "productPriceOld": null,
    "productPrice": {
      "value": 10.22,
      "unit": "€"
    },
    "productPricePerUnit": {
      "value": 20.44,
      "unit": "€/l"
    },
    "productPriceWithLoyaltyCard": null,
    "productPricePerUnitWithLoyaltyCard": null,
    "imageUrl": "https://cdn.barbora.lv/products/f391a7bd-8a91-4c93-a710-93af4277c73c_s.png",
    "available": true,
    "discount": null
  },
  {
    "shop": "MAXIMA",
    "categories": [
      1,
      1001,
      10010016
    ],
    "productName": "Degvīns ABSOLUT 40% 0,5L",
    "productPriceOld": null,
    "productPrice": {
      "value": 10.22,
      "unit": "€"
    },
    "productPricePerUnit": {
      "value": 20.44,
      "unit": "€/l"
    },
    "productPriceWithLoyaltyCard": null,
    "productPricePerUnitWithLoyaltyCard": null,
    "imageUrl": "https://cdn.barbora.lv/products/9708cd81-07ce-4ab1-ae1e-b57bab54b0e6_s.png",
    "available": true,
    "discount": null
  },
  {
    "shop": "RIMI",
    "categories": [
      1,
      1001,
      1001004
    ],
    "productName": "Dz.v. Mionetto ProseccDoc Brut 11% 0,2l",
    "productPriceOld": null,
    "productPrice": {
      "value": 4.09,
      "unit": "€/gab"
    },
    "productPricePerUnit": {
      "value": 20.45,
      "unit": "€/l"
    },
    "productPriceWithLoyaltyCard": null,
    "productPricePerUnitWithLoyaltyCard": null,
    "imageUrl": "https://rimibaltic-res.cloudinary.com/image/upload/d_ecommerce:backend-fallback.png/MAT_7119840_PCE_LV",
    "available": true,
    "discount": null
  },
  {
    "shop": "RIMI",
    "categories": [
      1,
      1001,
      1001003
    ],
    "productName": "Dz.rozā v. Mionetto Prosecco 11% 0,2l",
    "productPriceOld": null,
    "productPrice": {
      "value": 4.09,
      "unit": "€/gab"
    },
    "productPricePerUnit": {
      "value": 20.45,
      "unit": "€/l"
    },
    "productPriceWithLoyaltyCard": null,
    "productPricePerUnitWithLoyaltyCard": null,
    "imageUrl": "https://rimibaltic-res.cloudinary.com/image/upload/d_ecommerce:backend-fallback.png/MAT_7285076_PCE_LV",
    "available": true,
    "discount": null
  },
  {
    "shop": "RIMI",
    "categories": [
      1,
      1001,
      1001009
    ],
    "productName": "Viskijs Sir Edwards 40% 0,2l",
    "productPriceOld": null,
    "productPrice": {
      "value": 5.49,
      "unit": "€/gab"
    },
    "productPricePerUnit": {
      "value": 27.45,
      "unit": "€/l"
    },
    "productPriceWithLoyaltyCard": {
      "value": 4.09,
      "unit": "€"
    },
    "productPricePerUnitWithLoyaltyCard": {
      "value": 20.45,
      "unit": "€/l"
    },
    "imageUrl": "https://rimibaltic-res.cloudinary.com/image/upload/d_ecommerce:backend-fallback.png/MAT_7224516_PCE_LV",
    "available": true,
    "discount": 26
  },
  {
    "shop": "RIMI",
    "categories": [
      1,
      1001,
      1001003
    ],
    "productName": "Sarkanvīns Salentein Malbec Reserve 14% 0,75l",
    "productPriceOld": null,
    "productPrice": {
      "value": 15.35,
      "unit": "€/gab"
    },
    "productPricePerUnit": {
      "value": 20.47,
      "unit": "€/l"
    },
    "productPriceWithLoyaltyCard": null,
    "productPricePerUnitWithLoyaltyCard": null,
    "imageUrl": "https://rimibaltic-res.cloudinary.com/image/upload/d_ecommerce:backend-fallback.png/MAT_799328_PCE_LV",
    "available": true,
    "discount": null
  },
  {
    "shop": "MAXIMA",
    "categories": [
      1,
      1001,
      10010016
    ],
    "productName": "Degvīns PEREPJOLKA CARPATHIAN 40% 0,5L",
    "productPriceOld": null,
    "productPrice": {
      "value": 10.25,
      "unit": "€"
    },
    "productPricePerUnit": {
      "value": 20.5,
      "unit": "€/l"
    },
    "productPriceWithLoyaltyCard": null,
    "productPricePerUnitWithLoyaltyCard": null,
    "imageUrl": "https://cdn.barbora.lv/products/7dd02cfa-a1b5-4b87-afa3-f5ca3d88cc54_s.png",
    "available": true,
    "discount": null
  },
  {
    "shop": "MAXIMA",
    "categories": [
      1,
      1001,
      10010016
    ],
    "productName": "Degvīns PEREPJOLKA CLASSIC 40% 0,5L",
    "productPriceOld": null,
    "productPrice": {
      "value": 10.25,
      "unit": "€"
    },
    "productPricePerUnit": {
      "value": 20.5,
      "unit": "€/l"
    },
    "productPriceWithLoyaltyCard": null,
    "productPricePerUnitWithLoyaltyCard": null,
    "imageUrl": "https://cdn.barbora.lv/products/6a101d6b-afd7-41af-bdf7-6286a0d98ea3_s.png",
    "available": true,
    "discount": null
  },
  {
    "shop": "MAXIMA",
    "categories": [
      1,
      1001,
      10010016
    ],
    "productName": "Degvīns PEREPJOLKA DOMASHNYAYA 40% 0,5L",
    "productPriceOld": null,
    "productPrice": {
      "value": 10.25,
      "unit": "€"
    },
    "productPricePerUnit": {
      "value": 20.5,
      "unit": "€/l"
    },
    "productPriceWithLoyaltyCard": null,
    "productPricePerUnitWithLoyaltyCard": null,
    "imageUrl": "https://cdn.barbora.lv/products/6a7c776b-29e0-441a-8a0c-cb1820ff3e57_s.png",
    "available": true,
    "discount": null
  },
  {
    "shop": "MAXIMA",
    "categories": [
      1,
      1001,
      10010014
    ],
    "productName": "Balzams HERBAL Traditional 40% 0,5L",
    "productPriceOld": null,
    "productPrice": {
      "value": 10.25,
      "unit": "€"
    },
    "productPricePerUnit": {
      "value": 20.5,
      "unit": "€/l"
    },
    "productPriceWithLoyaltyCard": null,
    "productPricePerUnitWithLoyaltyCard": null,
    "imageUrl": "https://cdn.barbora.lv/products/938a316a-1677-4e4e-9e04-3194fd409b4f_s.png",
    "available": true,
    "discount": null
  },
  {
    "shop": "RIMI",
    "categories": [
      1,
      1001,
      1001003
    ],
    "productName": "B.v. Sentidino Albarino 12,5% 0,75l",
    "productPriceOld": null,
    "productPrice": {
      "value": 15.39,
      "unit": "€/gab"
    },
    "productPricePerUnit": {
      "value": 20.52,
      "unit": "€/l"
    },
    "productPriceWithLoyaltyCard": null,
    "productPricePerUnitWithLoyaltyCard": null,
    "imageUrl": "https://rimibaltic-res.cloudinary.com/image/upload/d_ecommerce:backend-fallback.png/MAT_7167366_PCE_LV",
    "available": true,
    "discount": null
  },
  {
    "shop": "RIMI",
    "categories": [
      1,
      1001,
      1001003
    ],
    "productName": "B.v. Sentidino Albarino 12,5% 0,75l",
    "productPriceOld": null,
    "productPrice": {
      "value": 15.39,
      "unit": "€/gab"
    },
    "productPricePerUnit": {
      "value": 20.52,
      "unit": "€/l"
    },
    "productPriceWithLoyaltyCard": null,
    "productPricePerUnitWithLoyaltyCard": null,
    "imageUrl": "https://rimibaltic-res.cloudinary.com/image/upload/d_ecommerce:backend-fallback.png/MAT_7167366_PCE_LV",
    "available": true,
    "discount": null
  },
  {
    "shop": "MAXIMA",
    "categories": [
      1,
      1001,
      1001003
    ],
    "productName": "Vīns CLOUD FACTORY SAUV.BLANC 12,5%0,75L",
    "productPriceOld": null,
    "productPrice": {
      "value": 15.39,
      "unit": "€"
    },
    "productPricePerUnit": {
      "value": 20.52,
      "unit": "€/l"
    },
    "productPriceWithLoyaltyCard": null,
    "productPricePerUnitWithLoyaltyCard": null,
    "imageUrl": "https://cdn.barbora.lv/products/2d5e907e-511a-4542-b1c4-7fff7d3c1d08_s.png",
    "available": true,
    "discount": null
  },
  {
    "shop": "RIMI",
    "categories": [
      1,
      1001,
      10010016
    ],
    "productName": "Degvīns Five Lakes 40% 0,7l",
    "productPriceOld": null,
    "productPrice": {
      "value": 14.39,
      "unit": "€/gab"
    },
    "productPricePerUnit": {
      "value": 20.56,
      "unit": "€/l"
    },
    "productPriceWithLoyaltyCard": null,
    "productPricePerUnitWithLoyaltyCard": null,
    "imageUrl": "https://rimibaltic-res.cloudinary.com/image/upload/d_ecommerce:backend-fallback.png/MAT_135258_PCE_LV",
    "available": true,
    "discount": null
  },
  {
    "shop": "MAXIMA",
    "categories": [
      2,
      2001,
      20010015
    ],
    "productName": "Rīsu galetes USTUKIU ar mango glazūru 90g",
    "productPriceOld": null,
    "productPrice": {
      "value": 1.85,
      "unit": "€"
    },
    "productPricePerUnit": {
      "value": 20.56,
      "unit": "€/kg"
    },
    "productPriceWithLoyaltyCard": null,
    "productPricePerUnitWithLoyaltyCard": null,
    "imageUrl": "https://cdn.barbora.lv/products/3c9aa715-682a-4ca5-a036-958c06aea751_s.png",
    "available": true,
    "discount": null
  },
  {
    "shop": "MAXIMA",
    "categories": [
      1,
      1001,
      10010013
    ],
    "productName": "Liķieris VANA TALLINN Toffe.Car.35% 0,5L",
    "productPriceOld": {
      "value": 12.81,
      "unit": "€"
    },
    "productPrice": {
      "value": 10.29,
      "unit": "€"
    },
    "productPricePerUnit": {
      "value": 20.58,
      "unit": "€/l"
    },
    "productPriceWithLoyaltyCard": null,
    "productPricePerUnitWithLoyaltyCard": null,
    "imageUrl": "https://cdn.barbora.lv/products/337549fe-343b-418f-9552-ca6cab5964e9_s.png",
    "available": true,
    "discount": 20
  },
  {
    "shop": "MAXIMA",
    "categories": [
      2,
      2001,
      20010015
    ],
    "productName": "Rīsu galetes tumšā šok.aven.KUPIEC 64g",
    "productPriceOld": {
      "value": 1.65,
      "unit": "€"
    },
    "productPrice": {
      "value": 1.32,
      "unit": "€"
    },
    "productPricePerUnit": {
      "value": 20.62,
      "unit": "€/kg"
    },
    "productPriceWithLoyaltyCard": null,
    "productPricePerUnitWithLoyaltyCard": null,
    "imageUrl": "https://cdn.barbora.lv/products/ead96f1d-443b-4ed2-8982-30470a36e8c6_s.png",
    "available": true,
    "discount": 20
  },
  {
    "shop": "RIMI",
    "categories": [
      1,
      1001,
      1001003
    ],
    "productName": "B.v.Doma.Wa.Granit Grun.Velt.12,5% 0,75l",
    "productPriceOld": null,
    "productPrice": {
      "value": 15.49,
      "unit": "€/gab"
    },
    "productPricePerUnit": {
      "value": 20.65,
      "unit": "€/l"
    },
    "productPriceWithLoyaltyCard": null,
    "productPricePerUnitWithLoyaltyCard": null,
    "imageUrl": "https://rimibaltic-res.cloudinary.com/image/upload/d_ecommerce:backend-fallback.png/MAT_7214711_PCE_LV",
    "available": true,
    "discount": null
  },
  {
    "shop": "MAXIMA",
    "categories": [
      1,
      1001,
      1001004
    ],
    "productName": "Dz.vīns DIVICI Prosecco BIO 11% 0,75L",
    "productPriceOld": null,
    "productPrice": {
      "value": 15.49,
      "unit": "€"
    },
    "productPricePerUnit": {
      "value": 20.65,
      "unit": "€/l"
    },
    "productPriceWithLoyaltyCard": null,
    "productPricePerUnitWithLoyaltyCard": null,
    "imageUrl": "https://cdn.barbora.lv/products/3dd8df56-8f32-4599-929d-0dc79788fbe9_s.png",
    "available": true,
    "discount": null
  },
  {
    "shop": "RIMI",
    "categories": [
      1,
      1001,
      10010016
    ],
    "productName": "Degvīns Mernaja Na Moloke 40% 0,5l",
    "productPriceOld": null,
    "productPrice": {
      "value": 10.35,
      "unit": "€/gab"
    },
    "productPricePerUnit": {
      "value": 20.7,
      "unit": "€/l"
    },
    "productPriceWithLoyaltyCard": null,
    "productPricePerUnitWithLoyaltyCard": null,
    "imageUrl": "https://rimibaltic-res.cloudinary.com/image/upload/d_ecommerce:backend-fallback.png/MAT_448351_PCE_LV",
    "available": true,
    "discount": null
  },
  {
    "shop": "MAXIMA",
    "categories": [
      1,
      1001,
      10010010
    ],
    "productName": "Brendijs BEEHIVE VSOP 40% 0,7L",
    "productPriceOld": {
      "value": 20.81,
      "unit": "€"
    },
    "productPrice": {
      "value": 20.81,
      "unit": "€"
    },
    "productPricePerUnit": {
      "value": 29.73,
      "unit": "€/l"
    },
    "productPriceWithLoyaltyCard": {
      "value": 14.49,
      "unit": "€"
    },
    "productPricePerUnitWithLoyaltyCard": {
      "value": 20.7,
      "unit": "€/l"
    },
    "imageUrl": "https://cdn.barbora.lv/products/34435767-a19e-4b7f-a3d3-c2cc49ae711a_s.png",
    "available": true,
    "discount": 30
  },
  {
    "shop": "MAXIMA",
    "categories": [
      1,
      1001,
      10010019
    ],
    "productName": "Stiprais alk. dz.METAXA 5* 38% 0,7l",
    "productPriceOld": {
      "value": 23.29,
      "unit": "€"
    },
    "productPrice": {
      "value": 23.29,
      "unit": "€"
    },
    "productPricePerUnit": {
      "value": 33.27,
      "unit": "€/l"
    },
    "productPriceWithLoyaltyCard": {
      "value": 14.49,
      "unit": "€"
    },
    "productPricePerUnitWithLoyaltyCard": {
      "value": 20.7,
      "unit": "€/l"
    },
    "imageUrl": "https://cdn.barbora.lv/products/f576124b-1de7-49ae-b722-63aeb80ae1c6_s.png",
    "available": true,
    "discount": 38
  },
  {
    "shop": "MAXIMA",
    "categories": [
      1,
      1001,
      10010019
    ],
    "productName": "Bitter APEROL 11%  0,7l",
    "productPriceOld": {
      "value": 17.51,
      "unit": "€"
    },
    "productPrice": {
      "value": 17.51,
      "unit": "€"
    },
    "productPricePerUnit": {
      "value": 25.01,
      "unit": "€/l"
    },
    "productPriceWithLoyaltyCard": {
      "value": 14.49,
      "unit": "€"
    },
    "productPricePerUnitWithLoyaltyCard": {
      "value": 20.7,
      "unit": "€/l"
    },
    "imageUrl": "https://cdn.barbora.lv/products/b8d95dbf-351a-4800-9003-b3455fdeee99_s.png",
    "available": true,
    "discount": 17
  },
  {
    "shop": "MAXIMA",
    "categories": [
      1,
      1001,
      10010016
    ],
    "productName": "Degvīns ARSEŅIČ 40% 0,7L",
    "productPriceOld": null,
    "productPrice": {
      "value": 14.49,
      "unit": "€"
    },
    "productPricePerUnit": {
      "value": 20.7,
      "unit": "€/l"
    },
    "productPriceWithLoyaltyCard": null,
    "productPricePerUnitWithLoyaltyCard": null,
    "imageUrl": "https://cdn.barbora.lv/products/34666bd6-a4de-4fc0-b273-4a2a47a91d94_s.png",
    "available": true,
    "discount": null
  },
  {
    "shop": "CITRO",
    "categories": [
      1,
      1001,
      1001007
    ],
    "productName": "RUMS COLONIST PREMIUM RUM SPICED BLACK 40% 0.7L",
    "productPriceOld": {
      "value": 16.69,
      "unit": "€"
    },
    "productPrice": {
      "value": 14.49,
      "unit": "€"
    },
    "productPricePerUnit": {
      "value": 20.7,
      "unit": "€/L"
    },
    "productPriceWithLoyaltyCard": null,
    "productPricePerUnitWithLoyaltyCard": null,
    "imageUrl": "https://rezekne.citro.lv/wp-content/uploads/2020/12/5414145036841-300x300.jpg",
    "available": true,
    "discount": 13
  },
  {
    "shop": "CITRO",
    "categories": [
      1,
      1001,
      1001007
    ],
    "productName": "RUMS COLONIST PREMIUM RUM DARK 40% 0.7L",
    "productPriceOld": {
      "value": 16.69,
      "unit": "€"
    },
    "productPrice": {
      "value": 14.49,
      "unit": "€"
    },
    "productPricePerUnit": {
      "value": 20.7,
      "unit": "€/L"
    },
    "productPriceWithLoyaltyCard": null,
    "productPricePerUnitWithLoyaltyCard": null,
    "imageUrl": "https://rezekne.citro.lv/wp-content/uploads/2020/12/5414145036834-300x300.jpg",
    "available": true,
    "discount": 13
  },
  {
    "shop": "MAXIMA",
    "categories": [
      1,
      1001,
      1001003
    ],
    "productName": "Portvīns VALDOURO RUBY 19% 0,75L",
    "productPriceOld": null,
    "productPrice": {
      "value": 15.54,
      "unit": "€"
    },
    "productPricePerUnit": {
      "value": 20.72,
      "unit": "€/l"
    },
    "productPriceWithLoyaltyCard": null,
    "productPricePerUnitWithLoyaltyCard": null,
    "imageUrl": "https://cdn.barbora.lv/products/1a0ab88c-2335-4f96-90a9-b8086e7b3758_s.png",
    "available": true,
    "discount": null
  },
  {
    "shop": "MAXIMA",
    "categories": [
      1,
      1001,
      10010019
    ],
    "productName": "Stipr.alk.dzēr.ATLANTIS 5* 38% 0,7l",
    "productPriceOld": null,
    "productPrice": {
      "value": 14.51,
      "unit": "€"
    },
    "productPricePerUnit": {
      "value": 20.73,
      "unit": "€/l"
    },
    "productPriceWithLoyaltyCard": null,
    "productPricePerUnitWithLoyaltyCard": null,
    "imageUrl": "https://cdn.barbora.lv/products/14a44aea-0f6a-4011-ad29-c15e0886b44a_s.png",
    "available": true,
    "discount": null
  },
  {
    "shop": "MAXIMA",
    "categories": [
      1,
      1001,
      10010013
    ],
    "productName": "Liķieris KOSKENKORVA Blueberry 21% 0,5L",
    "productPriceOld": null,
    "productPrice": {
      "value": 10.37,
      "unit": "€"
    },
    "productPricePerUnit": {
      "value": 20.74,
      "unit": "€/l"
    },
    "productPriceWithLoyaltyCard": null,
    "productPricePerUnitWithLoyaltyCard": null,
    "imageUrl": "https://cdn.barbora.lv/products/24649332-f61c-46bd-817c-9250992ffcdb_s.png",
    "available": true,
    "discount": null
  },
  {
    "shop": "MAXIMA",
    "categories": [
      1,
      1001,
      1001003
    ],
    "productName": "Dzirkstošais vīns CODORNIU Classic Brut Cava 11,5% 0,2L",
    "productPriceOld": null,
    "productPrice": {
      "value": 4.15,
      "unit": "€"
    },
    "productPricePerUnit": {
      "value": 20.75,
      "unit": "€/l"
    },
    "productPriceWithLoyaltyCard": null,
    "productPricePerUnitWithLoyaltyCard": null,
    "imageUrl": "https://cdn.barbora.lv/products/9688a599-fa8e-47b1-ac14-34a7b776af6a_s.png",
    "available": true,
    "discount": null
  },
  {
    "shop": "CITRO",
    "categories": [
      1,
      1001,
      1001009
    ],
    "productName": "VISKIJS CLAN MACGREGOR 40% 0.5L",
    "productPriceOld": {
      "value": 10.99,
      "unit": "€"
    },
    "productPrice": {
      "value": 10.39,
      "unit": "€"
    },
    "productPricePerUnit": {
      "value": 20.78,
      "unit": "€/L"
    },
    "productPriceWithLoyaltyCard": null,
    "productPricePerUnitWithLoyaltyCard": null,
    "imageUrl": "https://rezekne.citro.lv/wp-content/uploads/2024/10/5010327406015-300x300.jpg",
    "available": true,
    "discount": 5
  },
  {
    "shop": "RIMI",
    "categories": [
      1,
      1003,
      10030018
    ],
    "productName": "Bezalkohol. dzēriens Martini Vibrante 0,75l",
    "productPriceOld": null,
    "productPrice": {
      "value": 15.59,
      "unit": "€/gab"
    },
    "productPricePerUnit": {
      "value": 20.79,
      "unit": "€/l"
    },
    "productPriceWithLoyaltyCard": null,
    "productPricePerUnitWithLoyaltyCard": null,
    "imageUrl": "https://rimibaltic-res.cloudinary.com/image/upload/d_ecommerce:backend-fallback.png/MAT_1372965_PCE_LV",
    "available": true,
    "discount": null
  },
  {
    "shop": "RIMI",
    "categories": [
      1,
      1003,
      10030018
    ],
    "productName": "Bezalkohol. dzēriens Martini Floreale 0,75l",
    "productPriceOld": null,
    "productPrice": {
      "value": 15.59,
      "unit": "€/gab"
    },
    "productPricePerUnit": {
      "value": 20.79,
      "unit": "€/l"
    },
    "productPriceWithLoyaltyCard": null,
    "productPricePerUnitWithLoyaltyCard": null,
    "imageUrl": "https://rimibaltic-res.cloudinary.com/image/upload/d_ecommerce:backend-fallback.png/MAT_1372981_PCE_LV",
    "available": true,
    "discount": null
  },
  {
    "shop": "MAXIMA",
    "categories": [
      1,
      1003,
      1003005
    ],
    "productName": "Bezalkoholiskais dzēriens MARTINI Vibrante 750ml D",
    "productPriceOld": null,
    "productPrice": {
      "value": 15.59,
      "unit": "€"
    },
    "productPricePerUnit": {
      "value": 20.79,
      "unit": "€/l"
    },
    "productPriceWithLoyaltyCard": null,
    "productPricePerUnitWithLoyaltyCard": null,
    "imageUrl": "https://cdn.barbora.lv/products/4f55dc49-eb51-4c58-90de-36613f211701_s.png",
    "available": true,
    "discount": null
  },
  {
    "shop": "MAXIMA",
    "categories": [
      1,
      1003,
      1003005
    ],
    "productName": "Bezalkoholiskais dzēriens MARTINI Floreale 750ml D",
    "productPriceOld": null,
    "productPrice": {
      "value": 15.59,
      "unit": "€"
    },
    "productPricePerUnit": {
      "value": 20.79,
      "unit": "€/l"
    },
    "productPriceWithLoyaltyCard": null,
    "productPricePerUnitWithLoyaltyCard": null,
    "imageUrl": "https://cdn.barbora.lv/products/51bde676-1b27-4469-a917-9c8aa7d397dd_s.png",
    "available": true,
    "discount": null
  },
  {
    "shop": "MAXIMA",
    "categories": [
      1,
      1001,
      1001004
    ],
    "productName": "Dz.vīns ZONIN Pros.Cuvee Rose 11% 0,75L",
    "productPriceOld": null,
    "productPrice": {
      "value": 15.59,
      "unit": "€"
    },
    "productPricePerUnit": {
      "value": 20.79,
      "unit": "€/l"
    },
    "productPriceWithLoyaltyCard": null,
    "productPricePerUnitWithLoyaltyCard": null,
    "imageUrl": "https://cdn.barbora.lv/products/4c236b05-38bc-4104-8d35-51286c09900c_s.png",
    "available": true,
    "discount": null
  },
  {
    "shop": "RIMI",
    "categories": [
      2,
      2002
    ],
    "productName": "Torte Lāči valriekstu 480g",
    "productPriceOld": {
      "value": 11.99,
      "unit": "€"
    },
    "productPrice": {
      "value": 9.99,
      "unit": "€/gab"
    },
    "productPricePerUnit": {
      "value": 20.81,
      "unit": "€/kg"
    },
    "productPriceWithLoyaltyCard": null,
    "productPricePerUnitWithLoyaltyCard": null,
    "imageUrl": "https://rimibaltic-res.cloudinary.com/image/upload/d_ecommerce:backend-fallback.png/MAT_4004829_PCE_LV",
    "available": true,
    "discount": 17
  },
  {
    "shop": "MAXIMA",
    "categories": [
      2,
      2008
    ],
    "productName": "Virtulis ST MICHEL ar šok. glazūru 180g",
    "productPriceOld": null,
    "productPrice": {
      "value": 3.75,
      "unit": "€"
    },
    "productPricePerUnit": {
      "value": 20.83,
      "unit": "€/kg"
    },
    "productPriceWithLoyaltyCard": null,
    "productPricePerUnitWithLoyaltyCard": null,
    "imageUrl": "https://cdn.barbora.lv/products/e0e73588-02b3-4986-8499-d5b830b53bbf_s.png",
    "available": true,
    "discount": null
  },
  {
    "shop": "MAXIMA",
    "categories": [
      2,
      2008
    ],
    "productName": "Virtulis ST MICHEL ar šok. gabaliņ. 180g",
    "productPriceOld": null,
    "productPrice": {
      "value": 3.75,
      "unit": "€"
    },
    "productPricePerUnit": {
      "value": 20.83,
      "unit": "€/kg"
    },
    "productPriceWithLoyaltyCard": null,
    "productPricePerUnitWithLoyaltyCard": null,
    "imageUrl": "https://cdn.barbora.lv/products/cb7a2b51-2418-42b0-a917-ddc26ab05cf9_s.png",
    "available": true,
    "discount": null
  },
  {
    "shop": "RIMI",
    "categories": [
      2,
      2002
    ],
    "productName": "Torte Cielaviņa 700g",
    "productPriceOld": null,
    "productPrice": {
      "value": 14.59,
      "unit": "€/gab"
    },
    "productPricePerUnit": {
      "value": 20.84,
      "unit": "€/kg"
    },
    "productPriceWithLoyaltyCard": null,
    "productPricePerUnitWithLoyaltyCard": null,
    "imageUrl": "https://rimibaltic-res.cloudinary.com/image/upload/d_ecommerce:backend-fallback.png/MAT_214948_PCE_LV",
    "available": true,
    "discount": null
  },
  {
    "shop": "RIMI",
    "categories": [
      1,
      1001,
      1001003
    ],
    "productName": "B.v. Italo Cescon Pinot Grig. 12% 0,75l",
    "productPriceOld": null,
    "productPrice": {
      "value": 15.69,
      "unit": "€/gab"
    },
    "productPricePerUnit": {
      "value": 20.92,
      "unit": "€/l"
    },
    "productPriceWithLoyaltyCard": null,
    "productPricePerUnitWithLoyaltyCard": null,
    "imageUrl": "https://rimibaltic-res.cloudinary.com/image/upload/d_ecommerce:backend-fallback.png/MAT_7020222_PCE_LV",
    "available": true,
    "discount": null
  },
  {
    "shop": "RIMI",
    "categories": [
      1,
      1001,
      1001003
    ],
    "productName": "S.v. Italo Cescon Refosco 12% 0,75l",
    "productPriceOld": null,
    "productPrice": {
      "value": 15.69,
      "unit": "€/gab"
    },
    "productPricePerUnit": {
      "value": 20.92,
      "unit": "€/l"
    },
    "productPriceWithLoyaltyCard": null,
    "productPricePerUnitWithLoyaltyCard": null,
    "imageUrl": "https://rimibaltic-res.cloudinary.com/image/upload/d_ecommerce:backend-fallback.png/MAT_129508_PCE_LV",
    "available": true,
    "discount": null
  },
  {
    "shop": "MAXIMA",
    "categories": [
      1,
      1001,
      1001003
    ],
    "productName": "Vīns LANDHAUS MAYER GRUNER V.12,5% 0,75L",
    "productPriceOld": null,
    "productPrice": {
      "value": 15.69,
      "unit": "€"
    },
    "productPricePerUnit": {
      "value": 20.92,
      "unit": "€/l"
    },
    "productPriceWithLoyaltyCard": null,
    "productPricePerUnitWithLoyaltyCard": null,
    "imageUrl": "https://cdn.barbora.lv/products/0089ced9-3957-4368-ad9e-5beaa0dc8a7d_s.png",
    "available": true,
    "discount": null
  },
  {
    "shop": "RIMI",
    "categories": [
      1,
      1001,
      1001004
    ],
    "productName": "Dz. v. Codorniu Clasico Cava Brut 11,5% 0,20l",
    "productPriceOld": null,
    "productPrice": {
      "value": 4.19,
      "unit": "€/gab"
    },
    "productPricePerUnit": {
      "value": 20.95,
      "unit": "€/l"
    },
    "productPriceWithLoyaltyCard": null,
    "productPricePerUnitWithLoyaltyCard": null,
    "imageUrl": "https://rimibaltic-res.cloudinary.com/image/upload/d_ecommerce:backend-fallback.png/MAT_7199831_PCE_LV",
    "available": true,
    "discount": null
  },
  {
    "shop": "RIMI",
    "categories": [
      1,
      1001,
      1001004
    ],
    "productName": "Dz. v. Codorniu Clasico Cava Brut 11,5% 0,20l",
    "productPriceOld": null,
    "productPrice": {
      "value": 4.19,
      "unit": "€/gab"
    },
    "productPricePerUnit": {
      "value": 20.95,
      "unit": "€/l"
    },
    "productPriceWithLoyaltyCard": null,
    "productPricePerUnitWithLoyaltyCard": null,
    "imageUrl": "https://rimibaltic-res.cloudinary.com/image/upload/d_ecommerce:backend-fallback.png/MAT_7199831_PCE_LV",
    "available": true,
    "discount": null
  },
  {
    "shop": "RIMI",
    "categories": [
      1,
      1001,
      1001004
    ],
    "productName": "Dz. v. Codorniu Clasico Cava Brut 11,5% 0,20l",
    "productPriceOld": null,
    "productPrice": {
      "value": 4.19,
      "unit": "€/gab"
    },
    "productPricePerUnit": {
      "value": 20.95,
      "unit": "€/l"
    },
    "productPriceWithLoyaltyCard": null,
    "productPricePerUnitWithLoyaltyCard": null,
    "imageUrl": "https://rimibaltic-res.cloudinary.com/image/upload/d_ecommerce:backend-fallback.png/MAT_7199831_PCE_LV",
    "available": true,
    "discount": null
  },
  {
    "shop": "RIMI",
    "categories": [
      1,
      1001,
      10010019
    ],
    "productName": "Stiprs alkoholsiks dzēriens Forum 36% 0,2l",
    "productPriceOld": null,
    "productPrice": {
      "value": 4.19,
      "unit": "€/gab"
    },
    "productPricePerUnit": {
      "value": 20.95,
      "unit": "€/l"
    },
    "productPriceWithLoyaltyCard": null,
    "productPricePerUnitWithLoyaltyCard": null,
    "imageUrl": "https://rimibaltic-res.cloudinary.com/image/upload/d_ecommerce:backend-fallback.png/MAT_7298805_PCE_LV",
    "available": true,
    "discount": null
  },
  {
    "shop": "MAXIMA",
    "categories": [
      1,
      1001,
      10010013
    ],
    "productName": "Liķieris JAGERMEISTER 35% 0,5l",
    "productPriceOld": {
      "value": 15.69,
      "unit": "€"
    },
    "productPrice": {
      "value": 15.69,
      "unit": "€"
    },
    "productPricePerUnit": {
      "value": 31.38,
      "unit": "€/l"
    },
    "productPriceWithLoyaltyCard": {
      "value": 10.49,
      "unit": "€"
    },
    "productPricePerUnitWithLoyaltyCard": {
      "value": 20.98,
      "unit": "€/l"
    },
    "imageUrl": "https://cdn.barbora.lv/products/9e2ee7c2-01a7-4c6f-8534-776bd9b38969_s.png",
    "available": true,
    "discount": 33
  },
  {
    "shop": "MAXIMA",
    "categories": [
      1,
      1001,
      10010010
    ],
    "productName": "Brendijs BEEHIVE NAPOLEON VSOP 40% 0,5l",
    "productPriceOld": {
      "value": 13.2,
      "unit": "€"
    },
    "productPrice": {
      "value": 13.2,
      "unit": "€"
    },
    "productPricePerUnit": {
      "value": 26.4,
      "unit": "€/l"
    },
    "productPriceWithLoyaltyCard": {
      "value": 10.49,
      "unit": "€"
    },
    "productPricePerUnitWithLoyaltyCard": {
      "value": 20.98,
      "unit": "€/l"
    },
    "imageUrl": "https://cdn.barbora.lv/products/ad47b178-bf30-499b-ac50-bbb506439aea_s.png",
    "available": true,
    "discount": 21
  },
  {
    "shop": "MAXIMA",
    "categories": [
      1,
      1001,
      1001009
    ],
    "productName": "Viskijs SCOTTISH LEADER 40% 0,5l",
    "productPriceOld": {
      "value": 14.95,
      "unit": "€"
    },
    "productPrice": {
      "value": 14.95,
      "unit": "€"
    },
    "productPricePerUnit": {
      "value": 29.9,
      "unit": "€/l"
    },
    "productPriceWithLoyaltyCard": {
      "value": 10.49,
      "unit": "€"
    },
    "productPricePerUnitWithLoyaltyCard": {
      "value": 20.98,
      "unit": "€/l"
    },
    "imageUrl": "https://cdn.barbora.lv/products/83737843-10c2-4f23-b7a7-9a0b62162c38_s.png",
    "available": true,
    "discount": 30
  },
  {
    "shop": "MAXIMA",
    "categories": [
      1,
      1001,
      10010013
    ],
    "productName": "Liķieris VALHALLA BY KOSKENKORVA 35%0,5L",
    "productPriceOld": {
      "value": 12.05,
      "unit": "€"
    },
    "productPrice": {
      "value": 10.49,
      "unit": "€"
    },
    "productPricePerUnit": {
      "value": 20.98,
      "unit": "€/l"
    },
    "productPriceWithLoyaltyCard": null,
    "productPricePerUnitWithLoyaltyCard": null,
    "imageUrl": "https://cdn.barbora.lv/products/10838080-a336-4e43-899d-cbe264aefa39_s.png",
    "available": true,
    "discount": 13
  },
  {
    "shop": "CITRO",
    "categories": [
      1,
      1001,
      10010016
    ],
    "productName": "DEGVĪNS SLAVJANSKIE TRADICIJI MJAGKAJA NA MOLOKE 40% 0.5L",
    "productPriceOld": null,
    "productPrice": null,
    "productPricePerUnit": {
      "value": 20.98,
      "unit": "€/L"
    },
    "productPriceWithLoyaltyCard": null,
    "productPricePerUnitWithLoyaltyCard": null,
    "imageUrl": "https://rezekne.citro.lv/wp-content/uploads/2021/06/4740050021520-300x300.jpg",
    "available": true,
    "discount": null
  },
  {
    "shop": "CITRO",
    "categories": [
      1,
      1001,
      10010019
    ],
    "productName": "ST.ALK.DZ. NEMIROFF MED S PERCEM 40% 0.5L",
    "productPriceOld": {
      "value": 13.99,
      "unit": "€"
    },
    "productPrice": {
      "value": 10.49,
      "unit": "€"
    },
    "productPricePerUnit": {
      "value": 20.98,
      "unit": "€/L"
    },
    "productPriceWithLoyaltyCard": null,
    "productPricePerUnitWithLoyaltyCard": null,
    "imageUrl": "https://rezekne.citro.lv/wp-content/uploads/2020/12/4820181420895-300x300.jpg",
    "available": true,
    "discount": 25
  },
  {
    "shop": "CITRO",
    "categories": [
      1,
      1001,
      10010016
    ],
    "productName": "DEGVĪNS NEMIROFF DELIKAT 40% 0.5L",
    "productPriceOld": {
      "value": 13.99,
      "unit": "€"
    },
    "productPrice": {
      "value": 10.49,
      "unit": "€"
    },
    "productPricePerUnit": {
      "value": 20.98,
      "unit": "€/L"
    },
    "productPriceWithLoyaltyCard": null,
    "productPricePerUnitWithLoyaltyCard": null,
    "imageUrl": "https://rezekne.citro.lv/wp-content/uploads/2020/12/4820181420437-300x300.jpg",
    "available": true,
    "discount": 25
  },
  {
    "shop": "MAXIMA",
    "categories": [
      2,
      2002
    ],
    "productName": "Torte Kristīne STABURADZE 700g",
    "productPriceOld": null,
    "productPrice": {
      "value": 14.69,
      "unit": "€"
    },
    "productPricePerUnit": {
      "value": 20.99,
      "unit": "€/kg"
    },
    "productPriceWithLoyaltyCard": null,
    "productPricePerUnitWithLoyaltyCard": null,
    "imageUrl": "https://cdn.barbora.lv/products/a9a36759-0039-4101-9e5d-7af89608084e_s.png",
    "available": true,
    "discount": null
  },
  {
    "shop": "CITRO",
    "categories": [
      1,
      1001,
      10010016
    ],
    "productName": "DEGVĪNS DANZKA VODKA APPLE 40% 1L",
    "productPriceOld": null,
    "productPrice": null,
    "productPricePerUnit": {
      "value": 20.99,
      "unit": "€/L"
    },
    "productPriceWithLoyaltyCard": null,
    "productPricePerUnitWithLoyaltyCard": null,
    "imageUrl": "https://rezekne.citro.lv/wp-content/uploads/2024/07/4004752319003-300x300.jpg",
    "available": true,
    "discount": null
  },
  {
    "shop": "CITRO",
    "categories": [
      1,
      1001,
      10010016
    ],
    "productName": "DEGVĪNS DANZKA VODKA CURRANT 40% 1L",
    "productPriceOld": null,
    "productPrice": null,
    "productPricePerUnit": {
      "value": 20.99,
      "unit": "€/L"
    },
    "productPriceWithLoyaltyCard": null,
    "productPricePerUnitWithLoyaltyCard": null,
    "imageUrl": "https://rezekne.citro.lv/wp-content/uploads/2024/02/5710707544091-300x300.jpg",
    "available": true,
    "discount": null
  },
  {
    "shop": "CITRO",
    "categories": [
      1,
      1001,
      10010016
    ],
    "productName": "DEGVĪNS DANZKA VODKA 40% 1L",
    "productPriceOld": null,
    "productPrice": null,
    "productPricePerUnit": {
      "value": 20.99,
      "unit": "€/L"
    },
    "productPriceWithLoyaltyCard": null,
    "productPricePerUnitWithLoyaltyCard": null,
    "imageUrl": "https://rezekne.citro.lv/wp-content/uploads/2024/02/5788686123514-300x300.jpg",
    "available": true,
    "discount": null
  },
  {
    "shop": "RIMI",
    "categories": [
      1,
      1001,
      1001003
    ],
    "productName": "B.v. Zantho Grüner Veltliner 12% 0,75l",
    "productPriceOld": null,
    "productPrice": {
      "value": 15.75,
      "unit": "€/gab"
    },
    "productPricePerUnit": {
      "value": 21,
      "unit": "€/l"
    },
    "productPriceWithLoyaltyCard": null,
    "productPricePerUnitWithLoyaltyCard": null,
    "imageUrl": "https://rimibaltic-res.cloudinary.com/image/upload/d_ecommerce:backend-fallback.png/MAT_7193750_PCE_LV",
    "available": true,
    "discount": null
  },
  {
    "shop": "RIMI",
    "categories": [
      1,
      1001,
      1001003
    ],
    "productName": "B.v. Zantho Sauvignon Blanc 12% 0,75L",
    "productPriceOld": null,
    "productPrice": {
      "value": 15.75,
      "unit": "€/gab"
    },
    "productPricePerUnit": {
      "value": 21,
      "unit": "€/l"
    },
    "productPriceWithLoyaltyCard": null,
    "productPricePerUnitWithLoyaltyCard": null,
    "imageUrl": "https://rimibaltic-res.cloudinary.com/image/upload/d_ecommerce:backend-fallback.png/MAT_7193728_PCE_LV",
    "available": true,
    "discount": null
  },
  {
    "shop": "RIMI",
    "categories": [
      1,
      1001,
      1001003
    ],
    "productName": "S.v. Zantho Zweigelt 13% 0,75l",
    "productPriceOld": null,
    "productPrice": {
      "value": 15.75,
      "unit": "€/gab"
    },
    "productPricePerUnit": {
      "value": 21,
      "unit": "€/l"
    },
    "productPriceWithLoyaltyCard": null,
    "productPricePerUnitWithLoyaltyCard": null,
    "imageUrl": "https://rimibaltic-res.cloudinary.com/image/upload/d_ecommerce:backend-fallback.png/MAT_7193737_PCE_LV",
    "available": true,
    "discount": null
  },
  {
    "shop": "RIMI",
    "categories": [
      1,
      1001,
      1001003
    ],
    "productName": "S.v. Zantho Zweigelt 13% 0,75l",
    "productPriceOld": null,
    "productPrice": {
      "value": 15.75,
      "unit": "€/gab"
    },
    "productPricePerUnit": {
      "value": 21,
      "unit": "€/l"
    },
    "productPriceWithLoyaltyCard": null,
    "productPricePerUnitWithLoyaltyCard": null,
    "imageUrl": "https://rimibaltic-res.cloudinary.com/image/upload/d_ecommerce:backend-fallback.png/MAT_7193737_PCE_LV",
    "available": true,
    "discount": null
  },
  {
    "shop": "MAXIMA",
    "categories": [
      1,
      1001,
      1001003
    ],
    "productName": "Dzirkst.vīns LACHETEAU BRUT 12% 0,75l",
    "productPriceOld": null,
    "productPrice": {
      "value": 15.78,
      "unit": "€"
    },
    "productPricePerUnit": {
      "value": 21.04,
      "unit": "€/l"
    },
    "productPriceWithLoyaltyCard": null,
    "productPricePerUnitWithLoyaltyCard": null,
    "imageUrl": "https://cdn.barbora.lv/products/c75d855a-264c-45f1-b4b5-cb21e9a8a60c_s.png",
    "available": true,
    "discount": null
  },
  {
    "shop": "MAXIMA",
    "categories": [
      1,
      1001,
      1001003
    ],
    "productName": "Dzirkst.vīns LACHETEAU ROSE 12,5% 0,75L",
    "productPriceOld": null,
    "productPrice": {
      "value": 15.78,
      "unit": "€"
    },
    "productPricePerUnit": {
      "value": 21.04,
      "unit": "€/l"
    },
    "productPriceWithLoyaltyCard": null,
    "productPricePerUnitWithLoyaltyCard": null,
    "imageUrl": "https://cdn.barbora.lv/products/ebd6cab6-e391-46cd-86f9-90bc6a2dd147_s.png",
    "available": true,
    "discount": null
  },
  {
    "shop": "MAXIMA",
    "categories": [
      1,
      1001,
      10010016
    ],
    "productName": "Degvīns BERLAT PŠEŅIČNAJA 40% 0,2l",
    "productPriceOld": null,
    "productPrice": {
      "value": 4.21,
      "unit": "€"
    },
    "productPricePerUnit": {
      "value": 21.05,
      "unit": "€/l"
    },
    "productPriceWithLoyaltyCard": null,
    "productPricePerUnitWithLoyaltyCard": null,
    "imageUrl": "https://cdn.barbora.lv/products/ed4452ad-5385-4f03-9cd2-fb3f3b87cb8a_s.png",
    "available": true,
    "discount": null
  },
  {
    "shop": "RIMI",
    "categories": [
      1,
      1001,
      10010016
    ],
    "productName": "Degvīns Desire 40% 0,5l",
    "productPriceOld": null,
    "productPrice": {
      "value": 10.55,
      "unit": "€/gab"
    },
    "productPricePerUnit": {
      "value": 21.1,
      "unit": "€/l"
    },
    "productPriceWithLoyaltyCard": null,
    "productPricePerUnitWithLoyaltyCard": null,
    "imageUrl": "https://rimibaltic-res.cloudinary.com/image/upload/d_ecommerce:backend-fallback.png/MAT_7287449_PCE_LV",
    "available": true,
    "discount": null
  },
  {
    "shop": "RIMI",
    "categories": [
      1,
      1001,
      10010016
    ],
    "productName": "Degvīns Desire Orange 40% 0,5l",
    "productPriceOld": null,
    "productPrice": {
      "value": 10.55,
      "unit": "€/gab"
    },
    "productPricePerUnit": {
      "value": 21.1,
      "unit": "€/l"
    },
    "productPriceWithLoyaltyCard": null,
    "productPricePerUnitWithLoyaltyCard": null,
    "imageUrl": "https://rimibaltic-res.cloudinary.com/image/upload/d_ecommerce:backend-fallback.png/MAT_7287480_PCE_LV",
    "available": true,
    "discount": null
  },
  {
    "shop": "RIMI",
    "categories": [
      1,
      1001,
      10010016
    ],
    "productName": "Degvīns Desire 40% 0,5l",
    "productPriceOld": null,
    "productPrice": {
      "value": 10.55,
      "unit": "€/gab"
    },
    "productPricePerUnit": {
      "value": 21.1,
      "unit": "€/l"
    },
    "productPriceWithLoyaltyCard": null,
    "productPricePerUnitWithLoyaltyCard": null,
    "imageUrl": "https://rimibaltic-res.cloudinary.com/image/upload/d_ecommerce:backend-fallback.png/MAT_7287449_PCE_LV",
    "available": true,
    "discount": null
  },
  {
    "shop": "RIMI",
    "categories": [
      1,
      1001,
      10010016
    ],
    "productName": "Degvīns Desire 40% 0,5l",
    "productPriceOld": null,
    "productPrice": {
      "value": 10.55,
      "unit": "€/gab"
    },
    "productPricePerUnit": {
      "value": 21.1,
      "unit": "€/l"
    },
    "productPriceWithLoyaltyCard": null,
    "productPricePerUnitWithLoyaltyCard": null,
    "imageUrl": "https://rimibaltic-res.cloudinary.com/image/upload/d_ecommerce:backend-fallback.png/MAT_7287449_PCE_LV",
    "available": true,
    "discount": null
  },
  {
    "shop": "RIMI",
    "categories": [
      1,
      1001,
      10010016
    ],
    "productName": "Degvīns Desire Orange 40% 0,5l",
    "productPriceOld": null,
    "productPrice": {
      "value": 10.55,
      "unit": "€/gab"
    },
    "productPricePerUnit": {
      "value": 21.1,
      "unit": "€/l"
    },
    "productPriceWithLoyaltyCard": null,
    "productPricePerUnitWithLoyaltyCard": null,
    "imageUrl": "https://rimibaltic-res.cloudinary.com/image/upload/d_ecommerce:backend-fallback.png/MAT_7287480_PCE_LV",
    "available": true,
    "discount": null
  },
  {
    "shop": "MAXIMA",
    "categories": [
      1,
      1001,
      10010019
    ],
    "productName": "St.alk.dz.ARSEŅIČ upeņu 40% 0,7l",
    "productPriceOld": null,
    "productPrice": {
      "value": 14.78,
      "unit": "€"
    },
    "productPricePerUnit": {
      "value": 21.11,
      "unit": "€/l"
    },
    "productPriceWithLoyaltyCard": null,
    "productPricePerUnitWithLoyaltyCard": null,
    "imageUrl": "https://cdn.barbora.lv/products/ce4f4217-4ecd-470e-b1b3-debfaac93068_s.png",
    "available": true,
    "discount": null
  },
  {
    "shop": "MAXIMA",
    "categories": [
      1,
      1001,
      10010016
    ],
    "productName": "Degvīns PEREPJOLKA CARPATHIAN 40% 0,7L",
    "productPriceOld": null,
    "productPrice": {
      "value": 14.78,
      "unit": "€"
    },
    "productPricePerUnit": {
      "value": 21.11,
      "unit": "€/l"
    },
    "productPriceWithLoyaltyCard": null,
    "productPricePerUnitWithLoyaltyCard": null,
    "imageUrl": "https://cdn.barbora.lv/products/4f07dd06-95d6-4c62-b69e-0f6e810012b6_s.png",
    "available": true,
    "discount": null
  },
  {
    "shop": "MAXIMA",
    "categories": [
      1,
      1001,
      10010019
    ],
    "productName": "Stiprs alkoholiskais dzēriens ARSEŅIČ ābolu 40% 0,7L",
    "productPriceOld": null,
    "productPrice": {
      "value": 14.78,
      "unit": "€"
    },
    "productPricePerUnit": {
      "value": 21.11,
      "unit": "€/l"
    },
    "productPriceWithLoyaltyCard": null,
    "productPricePerUnitWithLoyaltyCard": null,
    "imageUrl": "https://cdn.barbora.lv/products/fcf64c16-01b0-4436-a8d5-cd5010e1d0e6_s.png",
    "available": true,
    "discount": null
  },
  {
    "shop": "RIMI",
    "categories": [
      2,
      2001,
      20010015
    ],
    "productName": "Groziņi Trīne siera sāļie 15gab.",
    "productPriceOld": null,
    "productPrice": {
      "value": 2.75,
      "unit": "€/gab"
    },
    "productPricePerUnit": {
      "value": 21.15,
      "unit": "€/kg"
    },
    "productPriceWithLoyaltyCard": null,
    "productPricePerUnitWithLoyaltyCard": null,
    "imageUrl": "https://rimibaltic-res.cloudinary.com/image/upload/d_ecommerce:backend-fallback.png/MAT_284825_PCE_LV",
    "available": true,
    "discount": null
  },
  {
    "shop": "RIMI",
    "categories": [
      2,
      2002
    ],
    "productName": "Torte Lāči Pilsētniece 500g",
    "productPriceOld": null,
    "productPrice": {
      "value": 10.59,
      "unit": "€/gab"
    },
    "productPricePerUnit": {
      "value": 21.18,
      "unit": "€/kg"
    },
    "productPriceWithLoyaltyCard": null,
    "productPricePerUnitWithLoyaltyCard": null,
    "imageUrl": "https://rimibaltic-res.cloudinary.com/image/upload/d_ecommerce:backend-fallback.png/MAT_286432_PCE_LV",
    "available": true,
    "discount": null
  },
  {
    "shop": "RIMI",
    "categories": [
      1,
      1001,
      10010014
    ],
    "productName": "Balzams Rīgas Melnais upeņu 30% 0,5l",
    "productPriceOld": null,
    "productPrice": {
      "value": 14.49,
      "unit": "€/gab"
    },
    "productPricePerUnit": {
      "value": 28.98,
      "unit": "€/l"
    },
    "productPriceWithLoyaltyCard": {
      "value": 10.59,
      "unit": "€"
    },
    "productPricePerUnitWithLoyaltyCard": {
      "value": 21.18,
      "unit": "€/l"
    },
    "imageUrl": "https://rimibaltic-res.cloudinary.com/image/upload/d_ecommerce:backend-fallback.png/MAT_140667_PCE_LV",
    "available": true,
    "discount": 27
  },
  {
    "shop": "RIMI",
    "categories": [
      1,
      1001,
      10010014
    ],
    "productName": "Balzams Rīgas Melnais 45% 0,5l",
    "productPriceOld": null,
    "productPrice": {
      "value": 14.49,
      "unit": "€/gab"
    },
    "productPricePerUnit": {
      "value": 28.98,
      "unit": "€/l"
    },
    "productPriceWithLoyaltyCard": {
      "value": 10.59,
      "unit": "€"
    },
    "productPricePerUnitWithLoyaltyCard": {
      "value": 21.18,
      "unit": "€/l"
    },
    "imageUrl": "https://rimibaltic-res.cloudinary.com/image/upload/d_ecommerce:backend-fallback.png/MAT_107991_PCE_LV",
    "available": true,
    "discount": 27
  },
  {
    "shop": "RIMI",
    "categories": [
      1,
      1001,
      10010014
    ],
    "productName": "Balzams Riga Black Balsam Tropical 30% 0,5l",
    "productPriceOld": null,
    "productPrice": {
      "value": 14.49,
      "unit": "€/gab"
    },
    "productPricePerUnit": {
      "value": 28.98,
      "unit": "€/l"
    },
    "productPriceWithLoyaltyCard": {
      "value": 10.59,
      "unit": "€"
    },
    "productPricePerUnitWithLoyaltyCard": {
      "value": 21.18,
      "unit": "€/l"
    },
    "imageUrl": "https://rimibaltic-res.cloudinary.com/image/upload/d_ecommerce:backend-fallback.png/MAT_7295535_PCE_LV",
    "available": true,
    "discount": 27
  },
  {
    "shop": "RIMI",
    "categories": [
      1,
      1001,
      10010013
    ],
    "productName": "Liķieris Koskenkorva Daiquiri aveņu 15% 0,5l",
    "productPriceOld": null,
    "productPrice": {
      "value": 10.59,
      "unit": "€/gab"
    },
    "productPricePerUnit": {
      "value": 21.18,
      "unit": "€/l"
    },
    "productPriceWithLoyaltyCard": null,
    "productPricePerUnitWithLoyaltyCard": null,
    "imageUrl": "https://rimibaltic-res.cloudinary.com/image/upload/d_ecommerce:backend-fallback.png/MAT_1374001_PCE_LV",
    "available": true,
    "discount": null
  },
  {
    "shop": "MAXIMA",
    "categories": [
      2,
      2002
    ],
    "productName": "Torte Pilsētniece LĀČI 500g",
    "productPriceOld": null,
    "productPrice": {
      "value": 10.59,
      "unit": "€"
    },
    "productPricePerUnit": {
      "value": 21.18,
      "unit": "€/kg"
    },
    "productPriceWithLoyaltyCard": null,
    "productPricePerUnitWithLoyaltyCard": null,
    "imageUrl": "https://cdn.barbora.lv/products/d66ef046-7d09-4361-976c-0b9b699fe175_s.png",
    "available": true,
    "discount": null
  },
  {
    "shop": "RIMI",
    "categories": [
      1,
      1001,
      1001003
    ],
    "productName": "S.v. Papale Primitivo Manduria 14% 0,75l",
    "productPriceOld": null,
    "productPrice": {
      "value": 15.89,
      "unit": "€/gab"
    },
    "productPricePerUnit": {
      "value": 21.19,
      "unit": "€/l"
    },
    "productPriceWithLoyaltyCard": null,
    "productPricePerUnitWithLoyaltyCard": null,
    "imageUrl": "https://rimibaltic-res.cloudinary.com/image/upload/d_ecommerce:backend-fallback.png/MAT_7158615_PCE_LV",
    "available": true,
    "discount": null
  },
  {
    "shop": "RIMI",
    "categories": [
      1,
      1001,
      1001003
    ],
    "productName": "S.v. Ihringer Spätburgunder 13% 0,75l",
    "productPriceOld": null,
    "productPrice": {
      "value": 15.89,
      "unit": "€/gab"
    },
    "productPricePerUnit": {
      "value": 21.19,
      "unit": "€/l"
    },
    "productPriceWithLoyaltyCard": null,
    "productPricePerUnitWithLoyaltyCard": null,
    "imageUrl": "https://rimibaltic-res.cloudinary.com/image/upload/d_ecommerce:backend-fallback.png/MAT_7220774_PCE_LV",
    "available": true,
    "discount": null
  },
  {
    "shop": "MAXIMA",
    "categories": [
      1,
      1001,
      1001003
    ],
    "productName": "Portvīns ROZES TAWNY PORTO 20% 0,75L",
    "productPriceOld": null,
    "productPrice": {
      "value": 15.89,
      "unit": "€"
    },
    "productPricePerUnit": {
      "value": 21.19,
      "unit": "€/l"
    },
    "productPriceWithLoyaltyCard": null,
    "productPricePerUnitWithLoyaltyCard": null,
    "imageUrl": "https://cdn.barbora.lv/products/645b9516-8bdf-47ad-abc1-a4260780a1b1_s.png",
    "available": true,
    "discount": null
  },
  {
    "shop": "MAXIMA",
    "categories": [
      1,
      1001,
      1001003
    ],
    "productName": "Portvīns ROZES Ruby Porto 20% 0,75L",
    "productPriceOld": null,
    "productPrice": {
      "value": 15.89,
      "unit": "€"
    },
    "productPricePerUnit": {
      "value": 21.19,
      "unit": "€/l"
    },
    "productPriceWithLoyaltyCard": null,
    "productPricePerUnitWithLoyaltyCard": null,
    "imageUrl": "https://cdn.barbora.lv/products/2ceca124-d4eb-4865-99b5-7f07ffea6f2d_s.png",
    "available": true,
    "discount": null
  },
  {
    "shop": "MAXIMA",
    "categories": [
      1,
      1001,
      1001003
    ],
    "productName": "Portvīns ROZES White Porto 20% 0,75L",
    "productPriceOld": null,
    "productPrice": {
      "value": 15.89,
      "unit": "€"
    },
    "productPricePerUnit": {
      "value": 21.19,
      "unit": "€/l"
    },
    "productPriceWithLoyaltyCard": null,
    "productPricePerUnitWithLoyaltyCard": null,
    "imageUrl": "https://cdn.barbora.lv/products/bcfd2c19-9805-4985-8b31-4a25ea479113_s.png",
    "available": true,
    "discount": null
  },
  {
    "shop": "MAXIMA",
    "categories": [
      1,
      1001,
      10010013
    ],
    "productName": "Liķieris DABĪGS MEDUS BALZAMS 32% 0,35L",
    "productPriceOld": null,
    "productPrice": {
      "value": 7.42,
      "unit": "€"
    },
    "productPricePerUnit": {
      "value": 21.2,
      "unit": "€/l"
    },
    "productPriceWithLoyaltyCard": null,
    "productPricePerUnitWithLoyaltyCard": null,
    "imageUrl": "https://cdn.barbora.lv/products/14abe9bb-fdb5-4765-b456-68502113829c_s.png",
    "available": true,
    "discount": null
  },
  {
    "shop": "MAXIMA",
    "categories": [
      1,
      1001,
      10010016
    ],
    "productName": "Degvīns BERLAT PŠEŅIČNAJA 40% 0,5l",
    "productPriceOld": null,
    "productPrice": {
      "value": 10.62,
      "unit": "€"
    },
    "productPricePerUnit": {
      "value": 21.24,
      "unit": "€/l"
    },
    "productPriceWithLoyaltyCard": null,
    "productPricePerUnitWithLoyaltyCard": null,
    "imageUrl": "https://cdn.barbora.lv/products/f7b1f890-e5cd-4483-9a68-cb6ce9b2dd7f_s.png",
    "available": true,
    "discount": null
  },
  {
    "shop": "MAXIMA",
    "categories": [
      1,
      1001,
      10010016
    ],
    "productName": "Degvīns NORDIK 40% 0,5L",
    "productPriceOld": null,
    "productPrice": {
      "value": 10.62,
      "unit": "€"
    },
    "productPricePerUnit": {
      "value": 21.24,
      "unit": "€/l"
    },
    "productPriceWithLoyaltyCard": null,
    "productPricePerUnitWithLoyaltyCard": null,
    "imageUrl": "https://cdn.barbora.lv/products/49442670-4c01-4d5d-89c6-5d823bf64cc1_s.png",
    "available": true,
    "discount": null
  },
  {
    "shop": "MAXIMA",
    "categories": [
      1,
      1001,
      10010016
    ],
    "productName": "Degvīns HAOMA Zerenda Green 40% 0,7L",
    "productPriceOld": null,
    "productPrice": {
      "value": 14.91,
      "unit": "€"
    },
    "productPricePerUnit": {
      "value": 21.3,
      "unit": "€/l"
    },
    "productPriceWithLoyaltyCard": null,
    "productPricePerUnitWithLoyaltyCard": null,
    "imageUrl": "https://cdn.barbora.lv/products/702a56f1-be42-4f87-9bfe-fbeba3a175ae_s.png",
    "available": true,
    "discount": null
  },
  {
    "shop": "MAXIMA",
    "categories": [
      1,
      1001,
      10010016
    ],
    "productName": "Degvīns HAOMA 40% 0,7L",
    "productPriceOld": null,
    "productPrice": {
      "value": 14.91,
      "unit": "€"
    },
    "productPricePerUnit": {
      "value": 21.3,
      "unit": "€/l"
    },
    "productPriceWithLoyaltyCard": null,
    "productPricePerUnitWithLoyaltyCard": null,
    "imageUrl": "https://cdn.barbora.lv/products/4242405f-9a02-4d20-8f42-f6a51a1523a2_s.png",
    "available": true,
    "discount": null
  },
  {
    "shop": "RIMI",
    "categories": [
      1,
      1001,
      1001003
    ],
    "productName": "B.v. Saint Clair Sauv. Marlb. 13% 0,75l",
    "productPriceOld": null,
    "productPrice": {
      "value": 21.55,
      "unit": "€/gab"
    },
    "productPricePerUnit": {
      "value": 28.73,
      "unit": "€/l"
    },
    "productPriceWithLoyaltyCard": {
      "value": 15.99,
      "unit": "€"
    },
    "productPricePerUnitWithLoyaltyCard": {
      "value": 21.32,
      "unit": "€/l"
    },
    "imageUrl": "https://rimibaltic-res.cloudinary.com/image/upload/d_ecommerce:backend-fallback.png/MAT_7029667_PCE_LV",
    "available": true,
    "discount": 26
  },
  {
    "shop": "RIMI",
    "categories": [
      1,
      1001,
      1001003
    ],
    "productName": "S.v. Cote Des Roses Pinot Noir 13% 0,75l",
    "productPriceOld": null,
    "productPrice": {
      "value": 15.99,
      "unit": "€/gab"
    },
    "productPricePerUnit": {
      "value": 21.32,
      "unit": "€/l"
    },
    "productPriceWithLoyaltyCard": null,
    "productPricePerUnitWithLoyaltyCard": null,
    "imageUrl": "https://rimibaltic-res.cloudinary.com/image/upload/d_ecommerce:backend-fallback.png/MAT_7258357_PCE_LV",
    "available": true,
    "discount": null
  },
  {
    "shop": "RIMI",
    "categories": [
      1,
      1001,
      1001003
    ],
    "productName": "R.v. Cote Des Roses Syrah 13% 0,75l",
    "productPriceOld": null,
    "productPrice": {
      "value": 15.99,
      "unit": "€/gab"
    },
    "productPricePerUnit": {
      "value": 21.32,
      "unit": "€/l"
    },
    "productPriceWithLoyaltyCard": null,
    "productPricePerUnitWithLoyaltyCard": null,
    "imageUrl": "https://rimibaltic-res.cloudinary.com/image/upload/d_ecommerce:backend-fallback.png/MAT_7201735_PCE_LV",
    "available": true,
    "discount": null
  },
  {
    "shop": "MAXIMA",
    "categories": [
      1,
      1001,
      1001003
    ],
    "productName": "Dzirkstošais vīns B&G Cremant de Bordeaux 12% 750ml",
    "productPriceOld": null,
    "productPrice": {
      "value": 15.99,
      "unit": "€"
    },
    "productPricePerUnit": {
      "value": 21.32,
      "unit": "€/l"
    },
    "productPriceWithLoyaltyCard": null,
    "productPricePerUnitWithLoyaltyCard": null,
    "imageUrl": "https://cdn.barbora.lv/products/35f663c4-213e-43e3-b5b0-2b1b8ef2e646_s.png",
    "available": true,
    "discount": null
  },
  {
    "shop": "MAXIMA",
    "categories": [
      1,
      1001,
      1001003
    ],
    "productName": "Vīns RICOSSA BARBERA PIEMONTE 14% 0,75L",
    "productPriceOld": null,
    "productPrice": {
      "value": 15.99,
      "unit": "€"
    },
    "productPricePerUnit": {
      "value": 21.32,
      "unit": "€/l"
    },
    "productPriceWithLoyaltyCard": null,
    "productPricePerUnitWithLoyaltyCard": null,
    "imageUrl": "https://cdn.barbora.lv/products/9c3f1cff-043e-4cd2-880d-2f8d643c9010_s.png",
    "available": true,
    "discount": null
  },
  {
    "shop": "MAXIMA",
    "categories": [
      1,
      1001,
      1001003
    ],
    "productName": "Dzirkstošais vīns B&G Crem.de Bord.Rose 12,5%0,75L",
    "productPriceOld": null,
    "productPrice": {
      "value": 15.99,
      "unit": "€"
    },
    "productPricePerUnit": {
      "value": 21.32,
      "unit": "€/l"
    },
    "productPriceWithLoyaltyCard": null,
    "productPricePerUnitWithLoyaltyCard": null,
    "imageUrl": "https://cdn.barbora.lv/products/221df1f8-2a49-4b9f-bd15-725871790df2_s.png",
    "available": true,
    "discount": null
  },
  {
    "shop": "MAXIMA",
    "categories": [
      1,
      1001,
      1001003
    ],
    "productName": "Vīns TELIANI VAL.MUKUZANI 12,5% 0,75L",
    "productPriceOld": null,
    "productPrice": {
      "value": 15.99,
      "unit": "€"
    },
    "productPricePerUnit": {
      "value": 21.32,
      "unit": "€/l"
    },
    "productPriceWithLoyaltyCard": null,
    "productPricePerUnitWithLoyaltyCard": null,
    "imageUrl": "https://cdn.barbora.lv/products/5c898185-3b5a-40c3-93c8-864607443363_s.png",
    "available": true,
    "discount": null
  },
  {
    "shop": "MAXIMA",
    "categories": [
      1,
      1001,
      1001003
    ],
    "productName": "Vīns PASQUA ROMEO&JULIET WHITE 13% 0,75L",
    "productPriceOld": null,
    "productPrice": {
      "value": 15.99,
      "unit": "€"
    },
    "productPricePerUnit": {
      "value": 21.32,
      "unit": "€/l"
    },
    "productPriceWithLoyaltyCard": null,
    "productPricePerUnitWithLoyaltyCard": null,
    "imageUrl": "https://cdn.barbora.lv/products/03376e41-f64f-4d86-a13f-1c742e9c8c08_s.png",
    "available": true,
    "discount": null
  },
  {
    "shop": "MAXIMA",
    "categories": [
      1,
      1001,
      1001003
    ],
    "productName": "Vīns PASQUA ROMEO&JULIET RED 14% 0,75L",
    "productPriceOld": null,
    "productPrice": {
      "value": 15.99,
      "unit": "€"
    },
    "productPricePerUnit": {
      "value": 21.32,
      "unit": "€/l"
    },
    "productPriceWithLoyaltyCard": null,
    "productPricePerUnitWithLoyaltyCard": null,
    "imageUrl": "https://cdn.barbora.lv/products/e293e48c-82cd-4327-bfc5-46500f4174a2_s.png",
    "available": true,
    "discount": null
  },
  {
    "shop": "MAXIMA",
    "categories": [
      1,
      1001,
      10010019
    ],
    "productName": "Stipr.alk.dzēriens BONUS 36% 0,2l",
    "productPriceOld": null,
    "productPrice": {
      "value": 4.27,
      "unit": "€"
    },
    "productPricePerUnit": {
      "value": 21.35,
      "unit": "€/l"
    },
    "productPriceWithLoyaltyCard": null,
    "productPricePerUnitWithLoyaltyCard": null,
    "imageUrl": "https://cdn.barbora.lv/products/a0b928fc-fdfe-46aa-841d-68082fdfb919_s.png",
    "available": true,
    "discount": null
  },
  {
    "shop": "MAXIMA",
    "categories": [
      1,
      1001,
      10010019
    ],
    "productName": "St.alk.dzēr.OAKHEART Original 32,5% 0,5L",
    "productPriceOld": {
      "value": 13.99,
      "unit": "€"
    },
    "productPrice": {
      "value": 10.69,
      "unit": "€"
    },
    "productPricePerUnit": {
      "value": 21.38,
      "unit": "€/l"
    },
    "productPriceWithLoyaltyCard": null,
    "productPricePerUnitWithLoyaltyCard": null,
    "imageUrl": "https://cdn.barbora.lv/products/c39c439d-75a7-4790-9c34-0858b837aae8_s.png",
    "available": true,
    "discount": 24
  },
  {
    "shop": "RIMI",
    "categories": [
      1,
      1001,
      1001009
    ],
    "productName": "Viskijs Jim Beam 40% 0,7l",
    "productPriceOld": null,
    "productPrice": {
      "value": 14.99,
      "unit": "€/gab"
    },
    "productPricePerUnit": {
      "value": 21.41,
      "unit": "€/l"
    },
    "productPriceWithLoyaltyCard": null,
    "productPricePerUnitWithLoyaltyCard": null,
    "imageUrl": "https://rimibaltic-res.cloudinary.com/image/upload/d_ecommerce:backend-fallback.png/MAT_101816_PCE_LV",
    "available": true,
    "discount": null
  },
  {
    "shop": "RIMI",
    "categories": [
      1,
      1001,
      10010012
    ],
    "productName": "Džins LB Pink 37,5% 0,7l",
    "productPriceOld": null,
    "productPrice": {
      "value": 14.99,
      "unit": "€/gab"
    },
    "productPricePerUnit": {
      "value": 21.41,
      "unit": "€/l"
    },
    "productPriceWithLoyaltyCard": null,
    "productPricePerUnitWithLoyaltyCard": null,
    "imageUrl": "https://rimibaltic-res.cloudinary.com/image/upload/d_ecommerce:backend-fallback.png/MAT_7235650_PCE_LV",
    "available": true,
    "discount": null
  },
  {
    "shop": "RIMI",
    "categories": [
      1,
      1001,
      10010019
    ],
    "productName": "Aperitīvs Bitters Aperol 11% 0,7l",
    "productPriceOld": null,
    "productPrice": {
      "value": 18.19,
      "unit": "€/gab"
    },
    "productPricePerUnit": {
      "value": 25.99,
      "unit": "€/l"
    },
    "productPriceWithLoyaltyCard": {
      "value": 14.99,
      "unit": "€"
    },
    "productPricePerUnitWithLoyaltyCard": {
      "value": 21.41,
      "unit": "€/l"
    },
    "imageUrl": "https://rimibaltic-res.cloudinary.com/image/upload/d_ecommerce:backend-fallback.png/MAT_133835_PCE_LV",
    "available": true,
    "discount": 18
  },
  {
    "shop": "RIMI",
    "categories": [
      1,
      1001,
      10010010
    ],
    "productName": "Brendijs Bartender's Club VSOP 36% 0,7l",
    "productPriceOld": null,
    "productPrice": {
      "value": 14.99,
      "unit": "€/gab"
    },
    "productPricePerUnit": {
      "value": 21.41,
      "unit": "€/l"
    },
    "productPriceWithLoyaltyCard": null,
    "productPricePerUnitWithLoyaltyCard": null,
    "imageUrl": "https://rimibaltic-res.cloudinary.com/image/upload/d_ecommerce:backend-fallback.png/MAT_809838_PCE_LV",
    "available": true,
    "discount": null
  },
  {
    "shop": "RIMI",
    "categories": [
      1,
      1001,
      1001009
    ],
    "productName": "Viskijs W.Grant's 40% 0,7l",
    "productPriceOld": null,
    "productPrice": {
      "value": 17.49,
      "unit": "€/gab"
    },
    "productPricePerUnit": {
      "value": 24.99,
      "unit": "€/l"
    },
    "productPriceWithLoyaltyCard": {
      "value": 14.99,
      "unit": "€"
    },
    "productPricePerUnitWithLoyaltyCard": {
      "value": 21.41,
      "unit": "€/l"
    },
    "imageUrl": "https://rimibaltic-res.cloudinary.com/image/upload/d_ecommerce:backend-fallback.png/MAT_678947_PCE_LV",
    "available": true,
    "discount": 14
  },
  {
    "shop": "RIMI",
    "categories": [
      1,
      1001,
      10010016
    ],
    "productName": "Degvīns Desire 40% 0,7l",
    "productPriceOld": null,
    "productPrice": {
      "value": 14.99,
      "unit": "€/gab"
    },
    "productPricePerUnit": {
      "value": 21.41,
      "unit": "€/l"
    },
    "productPriceWithLoyaltyCard": null,
    "productPricePerUnitWithLoyaltyCard": null,
    "imageUrl": "https://rimibaltic-res.cloudinary.com/image/upload/d_ecommerce:backend-fallback.png/MAT_7287476_PCE_LV",
    "available": true,
    "discount": null
  },
  {
    "shop": "MAXIMA",
    "categories": [
      1,
      1001,
      1001009
    ],
    "productName": "Viskijs JIM BEAM 40% 0,7l",
    "productPriceOld": null,
    "productPrice": {
      "value": 14.99,
      "unit": "€"
    },
    "productPricePerUnit": {
      "value": 21.41,
      "unit": "€/l"
    },
    "productPriceWithLoyaltyCard": null,
    "productPricePerUnitWithLoyaltyCard": null,
    "imageUrl": "https://cdn.barbora.lv/products/90cabcfb-d288-4025-8009-10ecc8dbefde_s.png",
    "available": true,
    "discount": null
  },
  {
    "shop": "MAXIMA",
    "categories": [
      1,
      1001,
      10010016
    ],
    "productName": "Degvīns FINLANDIA 40% 0,7l",
    "productPriceOld": null,
    "productPrice": {
      "value": 14.99,
      "unit": "€"
    },
    "productPricePerUnit": {
      "value": 21.41,
      "unit": "€/l"
    },
    "productPriceWithLoyaltyCard": null,
    "productPricePerUnitWithLoyaltyCard": null,
    "imageUrl": "https://cdn.barbora.lv/products/ff7a18b0-ded7-460d-b83b-aa42eda1de9f_s.png",
    "available": true,
    "discount": null
  },
  {
    "shop": "MAXIMA",
    "categories": [
      1,
      1001,
      10010016
    ],
    "productName": "Degvīns FINLANDIA CRANBERRY 37,5% 0,7l",
    "productPriceOld": null,
    "productPrice": {
      "value": 14.99,
      "unit": "€"
    },
    "productPricePerUnit": {
      "value": 21.41,
      "unit": "€/l"
    },
    "productPriceWithLoyaltyCard": null,
    "productPricePerUnitWithLoyaltyCard": null,
    "imageUrl": "https://cdn.barbora.lv/products/2aeb3e06-f04e-4f90-9ed5-12e3360cd6c9_s.png",
    "available": true,
    "discount": null
  },
  {
    "shop": "MAXIMA",
    "categories": [
      1,
      1001,
      10010010
    ],
    "productName": "Brendijs FRENCH LABEL 36% 0,7L",
    "productPriceOld": {
      "value": 19.23,
      "unit": "€"
    },
    "productPrice": {
      "value": 14.99,
      "unit": "€"
    },
    "productPricePerUnit": {
      "value": 21.41,
      "unit": "€/l"
    },
    "productPriceWithLoyaltyCard": null,
    "productPricePerUnitWithLoyaltyCard": null,
    "imageUrl": "https://cdn.barbora.lv/products/ad9ccdc3-105a-4996-b9ae-cab9bb332df7_s.png",
    "available": true,
    "discount": 22
  },
  {
    "shop": "CITRO",
    "categories": [
      1,
      1001,
      10010013
    ],
    "productName": "LIĶIERIS CAROLANS IRISH CREAM 17% 0.7L",
    "productPriceOld": {
      "value": 16.99,
      "unit": "€"
    },
    "productPrice": {
      "value": 14.99,
      "unit": "€"
    },
    "productPricePerUnit": {
      "value": 21.41,
      "unit": "€/L"
    },
    "productPriceWithLoyaltyCard": null,
    "productPricePerUnitWithLoyaltyCard": null,
    "imageUrl": "https://rezekne.citro.lv/wp-content/uploads/2020/12/5011026105223-300x300.jpg",
    "available": true,
    "discount": 12
  },
  {
    "shop": "CITRO",
    "categories": [
      1,
      1001,
      10010012
    ],
    "productName": "DŽINS GORDONS PINK 37.5% 0.7L",
    "productPriceOld": {
      "value": 20.99,
      "unit": "€"
    },
    "productPrice": {
      "value": 14.99,
      "unit": "€"
    },
    "productPricePerUnit": {
      "value": 21.41,
      "unit": "€/L"
    },
    "productPriceWithLoyaltyCard": null,
    "productPricePerUnitWithLoyaltyCard": null,
    "imageUrl": "https://rezekne.citro.lv/wp-content/uploads/2020/10/5000289929417-300x300.jpg",
    "available": true,
    "discount": 29
  },
  {
    "shop": "CITRO",
    "categories": [
      1,
      1001,
      1001007
    ],
    "productName": "RUMS EL GALIPOTE PINEAPPLE 35% 0.7L",
    "productPriceOld": {
      "value": 15.99,
      "unit": "€"
    },
    "productPrice": {
      "value": 14.99,
      "unit": "€"
    },
    "productPricePerUnit": {
      "value": 21.41,
      "unit": "€/L"
    },
    "productPriceWithLoyaltyCard": null,
    "productPricePerUnitWithLoyaltyCard": null,
    "imageUrl": "https://rezekne.citro.lv/wp-content/uploads/2024/07/4770053241533-300x300.jpg",
    "available": true,
    "discount": 6
  },
  {
    "shop": "CITRO",
    "categories": [
      1,
      1001,
      1001007
    ],
    "productName": "RUMS EL GALIPOTE PINK 37.5% 0.7L",
    "productPriceOld": {
      "value": 15.99,
      "unit": "€"
    },
    "productPrice": {
      "value": 14.99,
      "unit": "€"
    },
    "productPricePerUnit": {
      "value": 21.41,
      "unit": "€/L"
    },
    "productPriceWithLoyaltyCard": null,
    "productPricePerUnitWithLoyaltyCard": null,
    "imageUrl": "https://rezekne.citro.lv/wp-content/uploads/2024/07/4770053240864-300x300.jpg",
    "available": true,
    "discount": 6
  },
  {
    "shop": "CITRO",
    "categories": [
      1,
      1001,
      10010016
    ],
    "productName": "DEGVĪNS ICE PALACE VODKA 40% 0.7L",
    "productPriceOld": null,
    "productPrice": null,
    "productPricePerUnit": {
      "value": 21.41,
      "unit": "€/L"
    },
    "productPriceWithLoyaltyCard": null,
    "productPricePerUnitWithLoyaltyCard": null,
    "imageUrl": "https://rezekne.citro.lv/wp-content/uploads/2024/12/4820268610683-300x300.jpg",
    "available": true,
    "discount": null
  },
  {
    "shop": "CITRO",
    "categories": [
      1,
      1001,
      1001009
    ],
    "productName": "VISKIJS CLAN MACGREGOR 40% 0.7L",
    "productPriceOld": null,
    "productPrice": null,
    "productPricePerUnit": {
      "value": 21.41,
      "unit": "€/L"
    },
    "productPriceWithLoyaltyCard": null,
    "productPricePerUnitWithLoyaltyCard": null,
    "imageUrl": "https://rezekne.citro.lv/wp-content/uploads/2023/12/5010327905105-300x300.jpg",
    "available": true,
    "discount": null
  },
  {
    "shop": "CITRO",
    "categories": [
      1,
      1001,
      10010016
    ],
    "productName": "DEGVĪNS ICE PALACE VODKA 40% 0.7L",
    "productPriceOld": null,
    "productPrice": null,
    "productPricePerUnit": {
      "value": 21.41,
      "unit": "€/L"
    },
    "productPriceWithLoyaltyCard": null,
    "productPricePerUnitWithLoyaltyCard": null,
    "imageUrl": "https://rezekne.citro.lv/wp-content/uploads/2024/12/4820268610683-300x300.jpg",
    "available": true,
    "discount": null
  },
  {
    "shop": "CITRO",
    "categories": [
      1,
      1001,
      1001009
    ],
    "productName": "VISKIJS CLAN MACGREGOR 40% 0.7L",
    "productPriceOld": null,
    "productPrice": null,
    "productPricePerUnit": {
      "value": 21.41,
      "unit": "€/L"
    },
    "productPriceWithLoyaltyCard": null,
    "productPricePerUnitWithLoyaltyCard": null,
    "imageUrl": "https://rezekne.citro.lv/wp-content/uploads/2023/12/5010327905105-300x300.jpg",
    "available": true,
    "discount": null
  },
  {
    "shop": "CITRO",
    "categories": [
      1,
      1001,
      10010019
    ],
    "productName": "ST.ALK.DZ. STRANGE LUVE NEGRONI COCTAIL 27% 0.7L",
    "productPriceOld": null,
    "productPrice": null,
    "productPricePerUnit": {
      "value": 21.41,
      "unit": "€/L"
    },
    "productPriceWithLoyaltyCard": null,
    "productPricePerUnitWithLoyaltyCard": null,
    "imageUrl": "https://rezekne.citro.lv/wp-content/uploads/2024/09/5414145034601-300x300.jpg",
    "available": true,
    "discount": null
  },
  {
    "shop": "CITRO",
    "categories": [
      1,
      1001,
      10010016
    ],
    "productName": "DEGVĪNS RIGA BLACK VODKA 40% 0.7L",
    "productPriceOld": null,
    "productPrice": null,
    "productPricePerUnit": {
      "value": 21.41,
      "unit": "€/L"
    },
    "productPriceWithLoyaltyCard": null,
    "productPricePerUnitWithLoyaltyCard": null,
    "imageUrl": "https://rezekne.citro.lv/wp-content/uploads/2022/05/4750021201349-300x300.jpg",
    "available": true,
    "discount": null
  },
  {
    "shop": "CITRO",
    "categories": [
      1,
      1001,
      10010016
    ],
    "productName": "DEGVĪNS FLIRT 40% 0.7L",
    "productPriceOld": null,
    "productPrice": null,
    "productPricePerUnit": {
      "value": 21.41,
      "unit": "€/L"
    },
    "productPriceWithLoyaltyCard": null,
    "productPricePerUnitWithLoyaltyCard": null,
    "imageUrl": "https://rezekne.citro.lv/wp-content/uploads/2023/01/3800032070883-300x300.jpg",
    "available": true,
    "discount": null
  },
  {
    "shop": "MAXIMA",
    "categories": [
      1,
      1001,
      10010012
    ],
    "productName": "Džins BLEU D'ARGENT GIN 40% 0,7L",
    "productPriceOld": {
      "value": 20.29,
      "unit": "€"
    },
    "productPrice": {
      "value": 20.29,
      "unit": "€"
    },
    "productPricePerUnit": {
      "value": 28.99,
      "unit": "€/l"
    },
    "productPriceWithLoyaltyCard": {
      "value": 14.99,
      "unit": "€"
    },
    "productPricePerUnitWithLoyaltyCard": {
      "value": 21.42,
      "unit": "€/l"
    },
    "imageUrl": "https://cdn.barbora.lv/products/24868d34-e9ec-424b-b67b-cd1424a4cd4d_s.png",
    "available": true,
    "discount": 26
  },
  {
    "shop": "MAXIMA",
    "categories": [
      1,
      1001,
      1001007
    ],
    "productName": "Rums POTT 54% 0,7L",
    "productPriceOld": {
      "value": 18.05,
      "unit": "€"
    },
    "productPrice": {
      "value": 18.05,
      "unit": "€"
    },
    "productPricePerUnit": {
      "value": 25.79,
      "unit": "€/l"
    },
    "productPriceWithLoyaltyCard": {
      "value": 14.99,
      "unit": "€"
    },
    "productPricePerUnitWithLoyaltyCard": {
      "value": 21.42,
      "unit": "€/l"
    },
    "imageUrl": "https://cdn.barbora.lv/products/e2d80768-ed09-44f7-95c4-a0fe2df953c2_s.png",
    "available": true,
    "discount": 17
  },
  {
    "shop": "MAXIMA",
    "categories": [
      1,
      1001,
      10010013
    ],
    "productName": "Liķieris VANA TALLINN 40% 0,2l PET",
    "productPriceOld": {
      "value": 6.34,
      "unit": "€"
    },
    "productPrice": {
      "value": 6.34,
      "unit": "€"
    },
    "productPricePerUnit": {
      "value": 31.7,
      "unit": "€/l"
    },
    "productPriceWithLoyaltyCard": {
      "value": 4.29,
      "unit": "€"
    },
    "productPricePerUnitWithLoyaltyCard": {
      "value": 21.45,
      "unit": "€/l"
    },
    "imageUrl": "https://cdn.barbora.lv/products/8efa2ce8-3487-4f56-8d43-8fef51e3bce8_s.png",
    "available": true,
    "discount": 32
  },
  {
    "shop": "MAXIMA",
    "categories": [
      1,
      1001,
      1001003
    ],
    "productName": "Portvīns VALDOURO BLANCO 19% 0,75L",
    "productPriceOld": null,
    "productPrice": {
      "value": 16.11,
      "unit": "€"
    },
    "productPricePerUnit": {
      "value": 21.48,
      "unit": "€/l"
    },
    "productPriceWithLoyaltyCard": null,
    "productPricePerUnitWithLoyaltyCard": null,
    "imageUrl": "https://cdn.barbora.lv/products/f0403164-3657-4c5f-b340-452642d4c2ac_s.png",
    "available": true,
    "discount": null
  },
  {
    "shop": "MAXIMA",
    "categories": [
      2,
      2001,
      20010015
    ],
    "productName": "Galetītes Saules Graudi kuk.ar sīp.g.60g",
    "productPriceOld": null,
    "productPrice": {
      "value": 1.29,
      "unit": "€"
    },
    "productPricePerUnit": {
      "value": 21.5,
      "unit": "€/kg"
    },
    "productPriceWithLoyaltyCard": null,
    "productPricePerUnitWithLoyaltyCard": null,
    "imageUrl": "https://cdn.barbora.lv/products/966b4288-2bd9-4b5f-b121-869635a339d9_s.png",
    "available": true,
    "discount": null
  },
  {
    "shop": "MAXIMA",
    "categories": [
      2,
      2001,
      20010015
    ],
    "productName": "Galetītes Saules Graudi kukurūzas ar tomātu garšu 60g",
    "productPriceOld": null,
    "productPrice": {
      "value": 1.29,
      "unit": "€"
    },
    "productPricePerUnit": {
      "value": 21.5,
      "unit": "€/kg"
    },
    "productPriceWithLoyaltyCard": null,
    "productPricePerUnitWithLoyaltyCard": null,
    "imageUrl": "https://cdn.barbora.lv/products/f2b28825-9359-41c6-9b25-7779589e2a19_s.png",
    "available": true,
    "discount": null
  },
  {
    "shop": "MAXIMA",
    "categories": [
      1,
      1001,
      10010016
    ],
    "productName": "Degvīns STUMBRAS VODKA 40% 0,35L",
    "productPriceOld": null,
    "productPrice": {
      "value": 7.54,
      "unit": "€"
    },
    "productPricePerUnit": {
      "value": 21.54,
      "unit": "€/l"
    },
    "productPriceWithLoyaltyCard": null,
    "productPricePerUnitWithLoyaltyCard": null,
    "imageUrl": "https://cdn.barbora.lv/products/5d8c71c5-6483-4058-85a1-0493dcd041a8_s.png",
    "available": true,
    "discount": null
  },
  {
    "shop": "RIMI",
    "categories": [
      1,
      1002,
      10010025
    ],
    "productName": "Sīrups Monin karameļu 250ml",
    "productPriceOld": null,
    "productPrice": {
      "value": 5.39,
      "unit": "€/gab"
    },
    "productPricePerUnit": {
      "value": 21.56,
      "unit": "€/l"
    },
    "productPriceWithLoyaltyCard": null,
    "productPricePerUnitWithLoyaltyCard": null,
    "imageUrl": "https://rimibaltic-res.cloudinary.com/image/upload/d_ecommerce:backend-fallback.png/MAT_134652_PCE_LV",
    "available": true,
    "discount": null
  },
  {
    "shop": "RIMI",
    "categories": [
      1,
      1002,
      10010025
    ],
    "productName": "Sīrups kokosriekstu 250ml",
    "productPriceOld": null,
    "productPrice": {
      "value": 5.39,
      "unit": "€/gab"
    },
    "productPricePerUnit": {
      "value": 21.56,
      "unit": "€/l"
    },
    "productPriceWithLoyaltyCard": null,
    "productPricePerUnitWithLoyaltyCard": null,
    "imageUrl": "https://rimibaltic-res.cloudinary.com/image/upload/d_ecommerce:backend-fallback.png/MAT_112889_PCE_LV",
    "available": true,
    "discount": null
  },
  {
    "shop": "RIMI",
    "categories": [
      1,
      1002,
      10010025
    ],
    "productName": "Sīrups Monin grenadīna 250ml",
    "productPriceOld": null,
    "productPrice": {
      "value": 5.39,
      "unit": "€/gab"
    },
    "productPricePerUnit": {
      "value": 21.56,
      "unit": "€/l"
    },
    "productPriceWithLoyaltyCard": null,
    "productPricePerUnitWithLoyaltyCard": null,
    "imageUrl": "https://rimibaltic-res.cloudinary.com/image/upload/d_ecommerce:backend-fallback.png/MAT_134625_PCE_LV",
    "available": true,
    "discount": null
  },
  {
    "shop": "RIMI",
    "categories": [
      1,
      1002,
      10010025
    ],
    "productName": "Sīrups Monin ar šokolādes cepumu garšu 250ml",
    "productPriceOld": null,
    "productPrice": {
      "value": 5.39,
      "unit": "€/gab"
    },
    "productPricePerUnit": {
      "value": 21.56,
      "unit": "€/l"
    },
    "productPriceWithLoyaltyCard": null,
    "productPricePerUnitWithLoyaltyCard": null,
    "imageUrl": "https://rimibaltic-res.cloudinary.com/image/upload/d_ecommerce:backend-fallback.png/MAT_162579_PCE_LV",
    "available": true,
    "discount": null
  },
  {
    "shop": "RIMI",
    "categories": [
      1,
      1002,
      10010025
    ],
    "productName": "Sīrups Monin ar Mojito piparmētru garšu 250ml",
    "productPriceOld": null,
    "productPrice": {
      "value": 5.39,
      "unit": "€/gab"
    },
    "productPricePerUnit": {
      "value": 21.56,
      "unit": "€/l"
    },
    "productPriceWithLoyaltyCard": null,
    "productPricePerUnitWithLoyaltyCard": null,
    "imageUrl": "https://rimibaltic-res.cloudinary.com/image/upload/d_ecommerce:backend-fallback.png/MAT_1354621_PCE_LV",
    "available": true,
    "discount": null
  },
  {
    "shop": "RIMI",
    "categories": [
      1,
      1002,
      10010025
    ],
    "productName": "Sīrups Monin Īru kafijas 250ml",
    "productPriceOld": null,
    "productPrice": {
      "value": 5.39,
      "unit": "€/gab"
    },
    "productPricePerUnit": {
      "value": 21.56,
      "unit": "€/l"
    },
    "productPriceWithLoyaltyCard": null,
    "productPricePerUnitWithLoyaltyCard": null,
    "imageUrl": "https://rimibaltic-res.cloudinary.com/image/upload/d_ecommerce:backend-fallback.png/MAT_134662_PCE_LV",
    "available": true,
    "discount": null
  },
  {
    "shop": "RIMI",
    "categories": [
      1,
      1002,
      10010025
    ],
    "productName": "Sīrups Monin ar vaniļas garšu 250ml",
    "productPriceOld": null,
    "productPrice": {
      "value": 5.39,
      "unit": "€/gab"
    },
    "productPricePerUnit": {
      "value": 21.56,
      "unit": "€/l"
    },
    "productPriceWithLoyaltyCard": null,
    "productPricePerUnitWithLoyaltyCard": null,
    "imageUrl": "https://rimibaltic-res.cloudinary.com/image/upload/d_ecommerce:backend-fallback.png/MAT_112340_PCE_LV",
    "available": true,
    "discount": null
  },
  {
    "shop": "RIMI",
    "categories": [
      1,
      1002,
      10010025
    ],
    "productName": "Sīrups Cucaracao zilais 250ml",
    "productPriceOld": null,
    "productPrice": {
      "value": 5.39,
      "unit": "€/gab"
    },
    "productPricePerUnit": {
      "value": 21.56,
      "unit": "€/l"
    },
    "productPriceWithLoyaltyCard": null,
    "productPricePerUnitWithLoyaltyCard": null,
    "imageUrl": "https://rimibaltic-res.cloudinary.com/image/upload/d_ecommerce:backend-fallback.png/MAT_112342_PCE_LV",
    "available": true,
    "discount": null
  },
  {
    "shop": "RIMI",
    "categories": [
      2,
      2005
    ],
    "productName": "Kūciņu izlase Šokolādes satikšanās 500g",
    "productPriceOld": null,
    "productPrice": {
      "value": 10.79,
      "unit": "€/gab"
    },
    "productPricePerUnit": {
      "value": 21.58,
      "unit": "€/kg"
    },
    "productPriceWithLoyaltyCard": null,
    "productPricePerUnitWithLoyaltyCard": null,
    "imageUrl": "https://rimibaltic-res.cloudinary.com/image/upload/d_ecommerce:backend-fallback.png/MAT_4001163_PCE_LV",
    "available": true,
    "discount": null
  },
  {
    "shop": "MAXIMA",
    "categories": [
      1,
      1001,
      10010010
    ],
    "productName": "Brendijs TORRES 5 38% 0,5l",
    "productPriceOld": {
      "value": 15.7,
      "unit": "€"
    },
    "productPrice": {
      "value": 15.7,
      "unit": "€"
    },
    "productPricePerUnit": {
      "value": 31.4,
      "unit": "€/l"
    },
    "productPriceWithLoyaltyCard": {
      "value": 10.79,
      "unit": "€"
    },
    "productPricePerUnitWithLoyaltyCard": {
      "value": 21.58,
      "unit": "€/l"
    },
    "imageUrl": "https://cdn.barbora.lv/products/eec6f66d-0ddd-4670-8bdc-190fee071426_s.png",
    "available": true,
    "discount": 31
  },
  {
    "shop": "RIMI",
    "categories": [
      1,
      1001,
      1001003
    ],
    "productName": "S.v.Laroche Art des Sens Grenache 13,5% 0,75l",
    "productPriceOld": null,
    "productPrice": {
      "value": 16.19,
      "unit": "€/gab"
    },
    "productPricePerUnit": {
      "value": 21.59,
      "unit": "€/l"
    },
    "productPriceWithLoyaltyCard": null,
    "productPricePerUnitWithLoyaltyCard": null,
    "imageUrl": "https://rimibaltic-res.cloudinary.com/image/upload/d_ecommerce:backend-fallback.png/MAT_7220711_PCE_LV",
    "available": true,
    "discount": null
  },
  {
    "shop": "RIMI",
    "categories": [
      1,
      1001,
      1001003
    ],
    "productName": "Sarkanvīns E,Guigal Cotes-Du-Rhone 14% 0,75l",
    "productPriceOld": null,
    "productPrice": {
      "value": 16.19,
      "unit": "€/gab"
    },
    "productPricePerUnit": {
      "value": 21.59,
      "unit": "€/l"
    },
    "productPriceWithLoyaltyCard": null,
    "productPricePerUnitWithLoyaltyCard": null,
    "imageUrl": "https://rimibaltic-res.cloudinary.com/image/upload/d_ecommerce:backend-fallback.png/MAT_468692_PCE_LV",
    "available": true,
    "discount": null
  },
  {
    "shop": "RIMI",
    "categories": [
      1,
      1001,
      1001003
    ],
    "productName": "B.v. Laroche Art Des Sens Chardon. 13% 0,75l",
    "productPriceOld": null,
    "productPrice": {
      "value": 16.19,
      "unit": "€/gab"
    },
    "productPricePerUnit": {
      "value": 21.59,
      "unit": "€/l"
    },
    "productPriceWithLoyaltyCard": null,
    "productPricePerUnitWithLoyaltyCard": null,
    "imageUrl": "https://rimibaltic-res.cloudinary.com/image/upload/d_ecommerce:backend-fallback.png/MAT_7220707_PCE_LV",
    "available": true,
    "discount": null
  },
  {
    "shop": "RIMI",
    "categories": [
      1,
      1001,
      1001003
    ],
    "productName": "B.v. Laroche Art Des Sens Chardon. 13% 0,75l",
    "productPriceOld": null,
    "productPrice": {
      "value": 16.19,
      "unit": "€/gab"
    },
    "productPricePerUnit": {
      "value": 21.59,
      "unit": "€/l"
    },
    "productPriceWithLoyaltyCard": null,
    "productPricePerUnitWithLoyaltyCard": null,
    "imageUrl": "https://rimibaltic-res.cloudinary.com/image/upload/d_ecommerce:backend-fallback.png/MAT_7220707_PCE_LV",
    "available": true,
    "discount": null
  },
  {
    "shop": "RIMI",
    "categories": [
      1,
      1001,
      1001004
    ],
    "productName": "Dz.v. Moutard Blanc de Blancs 12% 0,75l",
    "productPriceOld": null,
    "productPrice": {
      "value": 16.19,
      "unit": "€/gab"
    },
    "productPricePerUnit": {
      "value": 21.59,
      "unit": "€/l"
    },
    "productPriceWithLoyaltyCard": null,
    "productPricePerUnitWithLoyaltyCard": null,
    "imageUrl": "https://rimibaltic-res.cloudinary.com/image/upload/d_ecommerce:backend-fallback.png/MAT_7195276_PCE_LV",
    "available": true,
    "discount": null
  },
  {
    "shop": "RIMI",
    "categories": [
      1,
      1001,
      1001003
    ],
    "productName": "B.v. Diablo Golden Chardonnay 13,5% 0,75l",
    "productPriceOld": null,
    "productPrice": {
      "value": 16.19,
      "unit": "€/gab"
    },
    "productPricePerUnit": {
      "value": 21.59,
      "unit": "€/l"
    },
    "productPriceWithLoyaltyCard": null,
    "productPricePerUnitWithLoyaltyCard": null,
    "imageUrl": "https://rimibaltic-res.cloudinary.com/image/upload/d_ecommerce:backend-fallback.png/MAT_7289917_PCE_LV",
    "available": true,
    "discount": null
  },
  {
    "shop": "RIMI",
    "categories": [
      1,
      1001,
      1001003
    ],
    "productName": "S.v.Chevaux Patache d’Aux Medoc 13%0,75l",
    "productPriceOld": null,
    "productPrice": {
      "value": 16.19,
      "unit": "€/gab"
    },
    "productPricePerUnit": {
      "value": 21.59,
      "unit": "€/l"
    },
    "productPriceWithLoyaltyCard": null,
    "productPricePerUnitWithLoyaltyCard": null,
    "imageUrl": "https://rimibaltic-res.cloudinary.com/image/upload/d_ecommerce:backend-fallback.png/MAT_7145242_PCE_LV",
    "available": true,
    "discount": null
  },
  {
    "shop": "RIMI",
    "categories": [
      1,
      1001,
      1001009
    ],
    "productName": "Viskijs William Peel Finest Scotch, 40% 1l",
    "productPriceOld": null,
    "productPrice": {
      "value": 21.59,
      "unit": "€/gab"
    },
    "productPricePerUnit": {
      "value": 21.59,
      "unit": "€/l"
    },
    "productPriceWithLoyaltyCard": null,
    "productPricePerUnitWithLoyaltyCard": null,
    "imageUrl": "https://rimibaltic-res.cloudinary.com/image/upload/d_ecommerce:backend-fallback.png/MAT_7127585_PCE_LV",
    "available": true,
    "discount": null
  },
  {
    "shop": "MAXIMA",
    "categories": [
      1,
      1001,
      1001003
    ],
    "productName": "Dzirkstošais Vīns FAMILLE MOUTARD BLANC 12%0,75L",
    "productPriceOld": null,
    "productPrice": {
      "value": 16.19,
      "unit": "€"
    },
    "productPricePerUnit": {
      "value": 21.59,
      "unit": "€/l"
    },
    "productPriceWithLoyaltyCard": null,
    "productPricePerUnitWithLoyaltyCard": null,
    "imageUrl": "https://cdn.barbora.lv/products/83d54d62-7d31-40ef-b1c0-6e590bed59eb_s.png",
    "available": true,
    "discount": null
  },
  {
    "shop": "MAXIMA",
    "categories": [
      1,
      1001,
      1001003
    ],
    "productName": "Vīns CODICI PRIMITIVO SALENTO APPASSIMENTO 14,5%0,75L",
    "productPriceOld": null,
    "productPrice": {
      "value": 16.19,
      "unit": "€"
    },
    "productPricePerUnit": {
      "value": 21.59,
      "unit": "€/l"
    },
    "productPriceWithLoyaltyCard": null,
    "productPricePerUnitWithLoyaltyCard": null,
    "imageUrl": "https://cdn.barbora.lv/products/167693f9-030c-40ec-a1ba-843f859d7198_s.png",
    "available": true,
    "discount": null
  },
  {
    "shop": "MAXIMA",
    "categories": [
      1,
      1001,
      1001003
    ],
    "productName": "Vīns DEHESA LA GRANJA'11 14,5% 0,75L",
    "productPriceOld": null,
    "productPrice": {
      "value": 16.22,
      "unit": "€"
    },
    "productPricePerUnit": {
      "value": 21.63,
      "unit": "€/l"
    },
    "productPriceWithLoyaltyCard": null,
    "productPricePerUnitWithLoyaltyCard": null,
    "imageUrl": "https://cdn.barbora.lv/products/255e8a05-43b3-4755-bfe5-98628d86bb43_s.png",
    "available": true,
    "discount": null
  },
  {
    "shop": "RIMI",
    "categories": [
      1,
      1001,
      1001004
    ],
    "productName": "Dz.v.Marcel Martin Cremant Brut12% 0,75l",
    "productPriceOld": null,
    "productPrice": {
      "value": 16.25,
      "unit": "€/gab"
    },
    "productPricePerUnit": {
      "value": 21.67,
      "unit": "€/l"
    },
    "productPriceWithLoyaltyCard": null,
    "productPricePerUnitWithLoyaltyCard": null,
    "imageUrl": "https://rimibaltic-res.cloudinary.com/image/upload/d_ecommerce:backend-fallback.png/MAT_7094540_PCE_LV",
    "available": true,
    "discount": null
  },
  {
    "shop": "MAXIMA",
    "categories": [
      1,
      1001,
      1001003
    ],
    "productName": "Dzirkstošais vīns MARTINI Asti 7,5% 0,2L",
    "productPriceOld": null,
    "productPrice": {
      "value": 4.34,
      "unit": "€"
    },
    "productPricePerUnit": {
      "value": 21.7,
      "unit": "€/l"
    },
    "productPriceWithLoyaltyCard": null,
    "productPricePerUnitWithLoyaltyCard": null,
    "imageUrl": "https://cdn.barbora.lv/products/45978b18-b70b-4f03-ac38-9b0790cb59fc_s.png",
    "available": true,
    "discount": null
  },
  {
    "shop": "MAXIMA",
    "categories": [
      1,
      1001,
      1001003
    ],
    "productName": "Vīns MOUNT RILEY SAUV.BLANC 12,5% 0,75L",
    "productPriceOld": null,
    "productPrice": {
      "value": 16.29,
      "unit": "€"
    },
    "productPricePerUnit": {
      "value": 21.72,
      "unit": "€/l"
    },
    "productPriceWithLoyaltyCard": null,
    "productPricePerUnitWithLoyaltyCard": null,
    "imageUrl": "https://cdn.barbora.lv/products/340be5fc-46bd-4e10-9518-0033a8cf156a_s.png",
    "available": true,
    "discount": null
  },
  {
    "shop": "MAXIMA",
    "categories": [
      1,
      1001,
      1001003
    ],
    "productName": "Vīns FINCA BACARA Time waits 14% 0,75L",
    "productPriceOld": null,
    "productPrice": {
      "value": 16.29,
      "unit": "€"
    },
    "productPricePerUnit": {
      "value": 21.72,
      "unit": "€/l"
    },
    "productPriceWithLoyaltyCard": null,
    "productPricePerUnitWithLoyaltyCard": null,
    "imageUrl": "https://cdn.barbora.lv/products/612e41fc-79f6-4c7f-840f-1fd14b92c34f_s.png",
    "available": true,
    "discount": null
  },
  {
    "shop": "RIMI",
    "categories": [
      1,
      1001,
      1001004
    ],
    "productName": "Dz.v.Martini Asti 7,5% 0,2l",
    "productPriceOld": null,
    "productPrice": {
      "value": 4.35,
      "unit": "€/gab"
    },
    "productPricePerUnit": {
      "value": 21.75,
      "unit": "€/l"
    },
    "productPriceWithLoyaltyCard": null,
    "productPricePerUnitWithLoyaltyCard": null,
    "imageUrl": "https://rimibaltic-res.cloudinary.com/image/upload/d_ecommerce:backend-fallback.png/MAT_589726_PCE_LV",
    "available": true,
    "discount": null
  },
  {
    "shop": "RIMI",
    "categories": [
      1,
      1001,
      1001004
    ],
    "productName": "Dz.v.Martini Asti 7,5% 0,2l",
    "productPriceOld": null,
    "productPrice": {
      "value": 4.35,
      "unit": "€/gab"
    },
    "productPricePerUnit": {
      "value": 21.75,
      "unit": "€/l"
    },
    "productPriceWithLoyaltyCard": null,
    "productPricePerUnitWithLoyaltyCard": null,
    "imageUrl": "https://rimibaltic-res.cloudinary.com/image/upload/d_ecommerce:backend-fallback.png/MAT_589726_PCE_LV",
    "available": true,
    "discount": null
  },
  {
    "shop": "RIMI",
    "categories": [
      1,
      1001,
      10010016
    ],
    "productName": "Degvīns Arsenič 40% 1l",
    "productPriceOld": null,
    "productPrice": {
      "value": 21.75,
      "unit": "€/gab"
    },
    "productPricePerUnit": {
      "value": 21.75,
      "unit": "€/l"
    },
    "productPriceWithLoyaltyCard": null,
    "productPricePerUnitWithLoyaltyCard": null,
    "imageUrl": "https://rimibaltic-res.cloudinary.com/image/upload/d_ecommerce:backend-fallback.png/MAT_7237546_PCE_LV",
    "available": true,
    "discount": null
  },
  {
    "shop": "MAXIMA",
    "categories": [
      1,
      1001,
      1001004
    ],
    "productName": "Dz.vīns ZONIN Pros.Cuvee Brut 11% 0,2L",
    "productPriceOld": null,
    "productPrice": {
      "value": 4.35,
      "unit": "€"
    },
    "productPricePerUnit": {
      "value": 21.75,
      "unit": "€/l"
    },
    "productPriceWithLoyaltyCard": null,
    "productPricePerUnitWithLoyaltyCard": null,
    "imageUrl": "https://cdn.barbora.lv/products/aa141505-0aac-4319-ba22-c0211f13f2fc_s.png",
    "available": true,
    "discount": null
  },
  {
    "shop": "RIMI",
    "categories": [
      1,
      1001,
      1001004
    ],
    "productName": "Dz.v. Simonsig Kaapse Vonkel Brut 12% 0,75l",
    "productPriceOld": null,
    "productPrice": {
      "value": 16.35,
      "unit": "€/gab"
    },
    "productPricePerUnit": {
      "value": 21.8,
      "unit": "€/l"
    },
    "productPriceWithLoyaltyCard": null,
    "productPricePerUnitWithLoyaltyCard": null,
    "imageUrl": "https://rimibaltic-res.cloudinary.com/image/upload/d_ecommerce:backend-fallback.png/MAT_7175861_PCE_LV",
    "available": true,
    "discount": null
  },
  {
    "shop": "MAXIMA",
    "categories": [
      1,
      1001,
      10010016
    ],
    "productName": "Degvīns BERLAT PŠEŅIČNAJA 40% 0,7l",
    "productPriceOld": null,
    "productPrice": {
      "value": 15.28,
      "unit": "€"
    },
    "productPricePerUnit": {
      "value": 21.83,
      "unit": "€/l"
    },
    "productPriceWithLoyaltyCard": null,
    "productPricePerUnitWithLoyaltyCard": null,
    "imageUrl": "https://cdn.barbora.lv/products/0069738f-5c45-44a3-b64e-5f9a0f9b433e_s.png",
    "available": true,
    "discount": null
  },
  {
    "shop": "RIMI",
    "categories": [
      1,
      1001,
      1001003
    ],
    "productName": "S.v. Diablo Cabernet Sauvignon 13,5% 0,75l",
    "productPriceOld": null,
    "productPrice": {
      "value": 16.39,
      "unit": "€/gab"
    },
    "productPricePerUnit": {
      "value": 21.85,
      "unit": "€/l"
    },
    "productPriceWithLoyaltyCard": null,
    "productPricePerUnitWithLoyaltyCard": null,
    "imageUrl": "https://rimibaltic-res.cloudinary.com/image/upload/d_ecommerce:backend-fallback.png/MAT_7234174_PCE_LV",
    "available": true,
    "discount": null
  },
  {
    "shop": "RIMI",
    "categories": [
      1,
      1001,
      10010016
    ],
    "productName": "Degvīns Arsenič 40% 0,5l",
    "productPriceOld": null,
    "productPrice": {
      "value": 10.95,
      "unit": "€/gab"
    },
    "productPricePerUnit": {
      "value": 21.9,
      "unit": "€/l"
    },
    "productPriceWithLoyaltyCard": null,
    "productPricePerUnitWithLoyaltyCard": null,
    "imageUrl": "https://rimibaltic-res.cloudinary.com/image/upload/d_ecommerce:backend-fallback.png/MAT_140776_PCE_LV",
    "available": true,
    "discount": null
  },
  {
    "shop": "RIMI",
    "categories": [
      1,
      1001,
      10010019
    ],
    "productName": "Alk. Dzēriens Bartender's Club 36% 0,2l",
    "productPriceOld": null,
    "productPrice": {
      "value": 4.39,
      "unit": "€/gab"
    },
    "productPricePerUnit": {
      "value": 21.95,
      "unit": "€/l"
    },
    "productPriceWithLoyaltyCard": null,
    "productPricePerUnitWithLoyaltyCard": null,
    "imageUrl": "https://rimibaltic-res.cloudinary.com/image/upload/d_ecommerce:backend-fallback.png/MAT_813206_PCE_LV",
    "available": true,
    "discount": null
  },
  {
    "shop": "RIMI",
    "categories": [
      2,
      2002
    ],
    "productName": "Bezē torte Lāči Ūdensroze ar mandelēm 500g",
    "productPriceOld": null,
    "productPrice": {
      "value": 10.99,
      "unit": "€/gab"
    },
    "productPricePerUnit": {
      "value": 21.98,
      "unit": "€/kg"
    },
    "productPriceWithLoyaltyCard": null,
    "productPricePerUnitWithLoyaltyCard": null,
    "imageUrl": "https://rimibaltic-res.cloudinary.com/image/upload/d_ecommerce:backend-fallback.png/MAT_4004834_PCE_LV",
    "available": true,
    "discount": null
  },
  {
    "shop": "RIMI",
    "categories": [
      1,
      1001,
      1001009
    ],
    "productName": "Viskijs Ballantines Finest 40% 0,5l",
    "productPriceOld": null,
    "productPrice": {
      "value": 10.99,
      "unit": "€/gab"
    },
    "productPricePerUnit": {
      "value": 21.98,
      "unit": "€/l"
    },
    "productPriceWithLoyaltyCard": null,
    "productPricePerUnitWithLoyaltyCard": null,
    "imageUrl": "https://rimibaltic-res.cloudinary.com/image/upload/d_ecommerce:backend-fallback.png/MAT_678718_PCE_LV",
    "available": true,
    "discount": null
  },
  {
    "shop": "RIMI",
    "categories": [
      1,
      1001,
      10010016
    ],
    "productName": "Degvīns Absolut 40% 0,5l",
    "productPriceOld": null,
    "productPrice": {
      "value": 10.99,
      "unit": "€/gab"
    },
    "productPricePerUnit": {
      "value": 21.98,
      "unit": "€/l"
    },
    "productPriceWithLoyaltyCard": null,
    "productPricePerUnitWithLoyaltyCard": null,
    "imageUrl": "https://rimibaltic-res.cloudinary.com/image/upload/d_ecommerce:backend-fallback.png/MAT_127203_PCE_LV",
    "available": true,
    "discount": null
  },
  {
    "shop": "RIMI",
    "categories": [
      1,
      1001,
      1001003
    ],
    "productName": "Augļu v. Abavas upeņu saldais 10% 0,5l",
    "productPriceOld": null,
    "productPrice": {
      "value": 10.99,
      "unit": "€/gab"
    },
    "productPricePerUnit": {
      "value": 21.98,
      "unit": "€/l"
    },
    "productPriceWithLoyaltyCard": null,
    "productPricePerUnitWithLoyaltyCard": null,
    "imageUrl": "https://rimibaltic-res.cloudinary.com/image/upload/d_ecommerce:backend-fallback.png/MAT_7142989_PCE_LV",
    "available": true,
    "discount": null
  },
  {
    "shop": "RIMI",
    "categories": [
      1,
      1001,
      1001003
    ],
    "productName": "Augļu v. Abavas upeņu saldais 10% 0,5l",
    "productPriceOld": null,
    "productPrice": {
      "value": 10.99,
      "unit": "€/gab"
    },
    "productPricePerUnit": {
      "value": 21.98,
      "unit": "€/l"
    },
    "productPriceWithLoyaltyCard": null,
    "productPricePerUnitWithLoyaltyCard": null,
    "imageUrl": "https://rimibaltic-res.cloudinary.com/image/upload/d_ecommerce:backend-fallback.png/MAT_7142989_PCE_LV",
    "available": true,
    "discount": null
  },
  {
    "shop": "MAXIMA",
    "categories": [
      1,
      1001,
      1001003
    ],
    "productName": "Vīns ABAVAS Upeņu 10% 0,5L",
    "productPriceOld": null,
    "productPrice": {
      "value": 10.99,
      "unit": "€"
    },
    "productPricePerUnit": {
      "value": 21.98,
      "unit": "€/l"
    },
    "productPriceWithLoyaltyCard": null,
    "productPricePerUnitWithLoyaltyCard": null,
    "imageUrl": "https://cdn.barbora.lv/products/c75e6bbe-0368-4f6e-9d33-1486fecffe87_s.png",
    "available": true,
    "discount": null
  },
  {
    "shop": "MAXIMA",
    "categories": [
      1,
      1001,
      10010010
    ],
    "productName": "Brendijs TBILVINO BRANDY 3YO 40% 0,5L",
    "productPriceOld": {
      "value": 14.42,
      "unit": "€"
    },
    "productPrice": {
      "value": 10.99,
      "unit": "€"
    },
    "productPricePerUnit": {
      "value": 21.98,
      "unit": "€/l"
    },
    "productPriceWithLoyaltyCard": null,
    "productPricePerUnitWithLoyaltyCard": null,
    "imageUrl": "https://cdn.barbora.lv/products/1c50dac1-b155-4551-8e88-81f498ca4ef7_s.png",
    "available": true,
    "discount": 24
  },
  {
    "shop": "RIMI",
    "categories": [
      1,
      1001,
      1001009
    ],
    "productName": "Viskijs Tullamore Dew 40% 1l",
    "productPriceOld": null,
    "productPrice": {
      "value": 31.99,
      "unit": "€/gab"
    },
    "productPricePerUnit": {
      "value": 31.99,
      "unit": "€/l"
    },
    "productPriceWithLoyaltyCard": {
      "value": 21.99,
      "unit": "€"
    },
    "productPricePerUnitWithLoyaltyCard": {
      "value": 21.99,
      "unit": "€/l"
    },
    "imageUrl": "https://rimibaltic-res.cloudinary.com/image/upload/d_ecommerce:backend-fallback.png/MAT_102265_PCE_LV",
    "available": true,
    "discount": 31
  },
  {
    "shop": "RIMI",
    "categories": [
      1,
      1001,
      1001007
    ],
    "productName": "Rums Captain Morgan Black 40% 1l",
    "productPriceOld": null,
    "productPrice": {
      "value": 29.69,
      "unit": "€/gab"
    },
    "productPricePerUnit": {
      "value": 29.69,
      "unit": "€/l"
    },
    "productPriceWithLoyaltyCard": {
      "value": 21.99,
      "unit": "€"
    },
    "productPricePerUnitWithLoyaltyCard": {
      "value": 21.99,
      "unit": "€/l"
    },
    "imageUrl": "https://rimibaltic-res.cloudinary.com/image/upload/d_ecommerce:backend-fallback.png/MAT_101944_PCE_LV",
    "available": true,
    "discount": 26
  },
  {
    "shop": "MAXIMA",
    "categories": [
      1,
      1001,
      10010016
    ],
    "productName": "Degvīns NEMIROFF Delikat 40% 1L",
    "productPriceOld": null,
    "productPrice": {
      "value": 21.99,
      "unit": "€"
    },
    "productPricePerUnit": {
      "value": 21.99,
      "unit": "€/l"
    },
    "productPriceWithLoyaltyCard": null,
    "productPricePerUnitWithLoyaltyCard": null,
    "imageUrl": "https://cdn.barbora.lv/products/31292ffe-6125-4368-92e0-a7a1d49db7e8_s.png",
    "available": true,
    "discount": null
  },
  {
    "shop": "CITRO",
    "categories": [
      1,
      1001,
      10010016
    ],
    "productName": "DEGVĪNS STOLI VODKA 40% 1L",
    "productPriceOld": null,
    "productPrice": null,
    "productPricePerUnit": {
      "value": 21.99,
      "unit": "€/L"
    },
    "productPriceWithLoyaltyCard": null,
    "productPricePerUnitWithLoyaltyCard": null,
    "imageUrl": "https://rezekne.citro.lv/wp-content/uploads/2023/08/4750021000089-300x300.jpg",
    "available": true,
    "discount": null
  },
  {
    "shop": "MAXIMA",
    "categories": [
      1,
      1001,
      10010016
    ],
    "productName": "Degvīns UKRAINKA 40% 0,7L",
    "productPriceOld": null,
    "productPrice": {
      "value": 15.44,
      "unit": "€"
    },
    "productPricePerUnit": {
      "value": 22.06,
      "unit": "€/l"
    },
    "productPriceWithLoyaltyCard": null,
    "productPricePerUnitWithLoyaltyCard": null,
    "imageUrl": "https://cdn.barbora.lv/products/565af28a-c2cb-42a3-a622-ff5fbffe1ef0_s.png",
    "available": true,
    "discount": null
  },
  {
    "shop": "MAXIMA",
    "categories": [
      1,
      1001,
      10010016
    ],
    "productName": "Degvīns UKRAINKA PLATINUM 40% 0,7L",
    "productPriceOld": null,
    "productPrice": {
      "value": 15.44,
      "unit": "€"
    },
    "productPricePerUnit": {
      "value": 22.06,
      "unit": "€/l"
    },
    "productPriceWithLoyaltyCard": null,
    "productPricePerUnitWithLoyaltyCard": null,
    "imageUrl": "https://cdn.barbora.lv/products/5b3c5334-0181-4aa6-9b5c-4e45fe15c799_s.png",
    "available": true,
    "discount": null
  },
  {
    "shop": "MAXIMA",
    "categories": [
      1,
      1001,
      10010016
    ],
    "productName": "Arom.degv.UKRAINKA honey, pep.40% 0,7L",
    "productPriceOld": null,
    "productPrice": {
      "value": 15.44,
      "unit": "€"
    },
    "productPricePerUnit": {
      "value": 22.06,
      "unit": "€/l"
    },
    "productPriceWithLoyaltyCard": null,
    "productPricePerUnitWithLoyaltyCard": null,
    "imageUrl": "https://cdn.barbora.lv/products/668784a0-e176-4f0d-a916-335e270aab2a_s.png",
    "available": true,
    "discount": null
  },
  {
    "shop": "RIMI",
    "categories": [
      1,
      1001,
      10010016
    ],
    "productName": "Degvīns Vechirnja Charka Brunki 40% 0,5l",
    "productPriceOld": null,
    "productPrice": {
      "value": 11.05,
      "unit": "€/gab"
    },
    "productPricePerUnit": {
      "value": 22.1,
      "unit": "€/l"
    },
    "productPriceWithLoyaltyCard": null,
    "productPricePerUnitWithLoyaltyCard": null,
    "imageUrl": "https://rimibaltic-res.cloudinary.com/image/upload/d_ecommerce:backend-fallback.png/MAT_7128904_PCE_LV",
    "available": true,
    "discount": null
  },
  {
    "shop": "RIMI",
    "categories": [
      1,
      1001,
      10010016
    ],
    "productName": "Degvīns Vechirnja Charka Moloko 40% 0,5l",
    "productPriceOld": null,
    "productPrice": {
      "value": 11.05,
      "unit": "€/gab"
    },
    "productPricePerUnit": {
      "value": 22.1,
      "unit": "€/l"
    },
    "productPriceWithLoyaltyCard": null,
    "productPricePerUnitWithLoyaltyCard": null,
    "imageUrl": "https://rimibaltic-res.cloudinary.com/image/upload/d_ecommerce:backend-fallback.png/MAT_7128919_PCE_LV",
    "available": true,
    "discount": null
  },
  {
    "shop": "MAXIMA",
    "categories": [
      1,
      1001,
      1001003
    ],
    "productName": "Vīns A.GEOFFROY Chablis 12,5% 0,75L",
    "productPriceOld": {
      "value": 24.17,
      "unit": "€"
    },
    "productPrice": {
      "value": 24.17,
      "unit": "€"
    },
    "productPricePerUnit": {
      "value": 32.23,
      "unit": "€/l"
    },
    "productPriceWithLoyaltyCard": {
      "value": 16.59,
      "unit": "€"
    },
    "productPricePerUnitWithLoyaltyCard": {
      "value": 22.12,
      "unit": "€/l"
    },
    "imageUrl": "https://cdn.barbora.lv/products/7fa97494-b836-4013-b53d-b9147b425ccd_s.png",
    "available": true,
    "discount": 31
  },
  {
    "shop": "MAXIMA",
    "categories": [
      1,
      1001,
      1001003
    ],
    "productName": "Vīns MASI Passo Blanco BIO 12,5% 750ml",
    "productPriceOld": null,
    "productPrice": {
      "value": 16.59,
      "unit": "€"
    },
    "productPricePerUnit": {
      "value": 22.12,
      "unit": "€/l"
    },
    "productPriceWithLoyaltyCard": null,
    "productPricePerUnitWithLoyaltyCard": null,
    "imageUrl": "https://cdn.barbora.lv/products/57e30f32-708d-402f-abc4-642110e678dc_s.png",
    "available": true,
    "discount": null
  },
  {
    "shop": "RIMI",
    "categories": [
      1,
      1001,
      10010016
    ],
    "productName": "Degvīns Sila Prirodi Berjozovaja 40% 0,7l",
    "productPriceOld": null,
    "productPrice": {
      "value": 15.49,
      "unit": "€/gab"
    },
    "productPricePerUnit": {
      "value": 22.13,
      "unit": "€/l"
    },
    "productPriceWithLoyaltyCard": null,
    "productPricePerUnitWithLoyaltyCard": null,
    "imageUrl": "https://rimibaltic-res.cloudinary.com/image/upload/d_ecommerce:backend-fallback.png/MAT_7300629_PCE_LV",
    "available": true,
    "discount": null
  },
  {
    "shop": "MAXIMA",
    "categories": [
      1,
      1001,
      10010010
    ],
    "productName": "Brendijs TORRES 10 Gran Reserva 38% 0,7L",
    "productPriceOld": {
      "value": 26.53,
      "unit": "€"
    },
    "productPrice": {
      "value": 26.53,
      "unit": "€"
    },
    "productPricePerUnit": {
      "value": 37.9,
      "unit": "€/l"
    },
    "productPriceWithLoyaltyCard": {
      "value": 15.49,
      "unit": "€"
    },
    "productPricePerUnitWithLoyaltyCard": {
      "value": 22.13,
      "unit": "€/l"
    },
    "imageUrl": "https://cdn.barbora.lv/products/91709661-0ee3-47d5-a9b5-79b8952f384a_s.png",
    "available": true,
    "discount": 42
  },
  {
    "shop": "MAXIMA",
    "categories": [
      1,
      1001,
      10010019
    ],
    "productName": "St.alk.dz.ARSEŅIČ dzērveņu 40% 0,7l",
    "productPriceOld": null,
    "productPrice": {
      "value": 15.49,
      "unit": "€"
    },
    "productPricePerUnit": {
      "value": 22.13,
      "unit": "€/l"
    },
    "productPriceWithLoyaltyCard": null,
    "productPricePerUnitWithLoyaltyCard": null,
    "imageUrl": "https://cdn.barbora.lv/products/9e2a1ae2-94a0-473d-9472-698366b7f1e2_s.png",
    "available": true,
    "discount": null
  },
  {
    "shop": "MAXIMA",
    "categories": [
      1,
      1001,
      10010019
    ],
    "productName": "St.alk.dz.ARSEŅIČ smiltsērkšķu 40% 0,7l",
    "productPriceOld": null,
    "productPrice": {
      "value": 15.49,
      "unit": "€"
    },
    "productPricePerUnit": {
      "value": 22.13,
      "unit": "€/l"
    },
    "productPriceWithLoyaltyCard": null,
    "productPricePerUnitWithLoyaltyCard": null,
    "imageUrl": "https://cdn.barbora.lv/products/ba291e23-100b-41fe-9942-8bd38d53906b_s.png",
    "available": true,
    "discount": null
  },
  {
    "shop": "CITRO",
    "categories": [
      1,
      1001,
      10010010
    ],
    "productName": "BRENDIJS METAXA ALK.DZ. 5*38% 0.7L",
    "productPriceOld": {
      "value": 19.99,
      "unit": "€"
    },
    "productPrice": {
      "value": 15.49,
      "unit": "€"
    },
    "productPricePerUnit": {
      "value": 22.13,
      "unit": "€/L"
    },
    "productPriceWithLoyaltyCard": null,
    "productPricePerUnitWithLoyaltyCard": null,
    "imageUrl": "https://rezekne.citro.lv/wp-content/uploads/2020/12/5202795120054-300x300.jpg",
    "available": true,
    "discount": 23
  },
  {
    "shop": "CITRO",
    "productName": "ALK.DZĒR. METAXA 5* ORANGE 38% 0.7L",
    "productPriceOld": {
      "value": 19.99,
      "unit": "€"
    },
    "productPrice": {
      "value": 15.49,
      "unit": "€"
    },
    "productPricePerUnit": {
      "value": 22.13,
      "unit": "€/L"
    },
    "productPriceWithLoyaltyCard": null,
    "productPricePerUnitWithLoyaltyCard": null,
    "imageUrl": "https://rezekne.citro.lv/wp-content/uploads/2022/08/5202795160777-300x300.jpg",
    "available": true,
    "discount": 23,
    "categories": [
      1,
      1001,
      10010010
    ]
  },
  {
    "shop": "RIMI",
    "categories": [
      1,
      1001,
      10010016
    ],
    "productName": "Degvīns Vodočka 38% 0.5l",
    "productPriceOld": null,
    "productPrice": {
      "value": 11.09,
      "unit": "€/gab"
    },
    "productPricePerUnit": {
      "value": 22.18,
      "unit": "€/l"
    },
    "productPriceWithLoyaltyCard": null,
    "productPricePerUnitWithLoyaltyCard": null,
    "imageUrl": "https://rimibaltic-res.cloudinary.com/image/upload/d_ecommerce:backend-fallback.png/MAT_783708_PCE_LV",
    "available": true,
    "discount": null
  },
  {
    "shop": "RIMI",
    "categories": [
      1,
      1001,
      1001003
    ],
    "productName": "S.v. Tarapaca Gr. Reserv. Pinot 14% 0,75l",
    "productPriceOld": null,
    "productPrice": {
      "value": 16.69,
      "unit": "€/gab"
    },
    "productPricePerUnit": {
      "value": 22.25,
      "unit": "€/l"
    },
    "productPriceWithLoyaltyCard": null,
    "productPricePerUnitWithLoyaltyCard": null,
    "imageUrl": "https://rimibaltic-res.cloudinary.com/image/upload/d_ecommerce:backend-fallback.png/MAT_7217221_PCE_LV",
    "available": true,
    "discount": null
  },
  {
    "shop": "MAXIMA",
    "categories": [
      1,
      1001,
      10010014
    ],
    "productName": "Balzams RIGA BLACK BALSAM Upeņu 30% 0,7L",
    "productPriceOld": {
      "value": 18.23,
      "unit": "€"
    },
    "productPrice": {
      "value": 18.23,
      "unit": "€"
    },
    "productPricePerUnit": {
      "value": 26.04,
      "unit": "€/l"
    },
    "productPriceWithLoyaltyCard": {
      "value": 15.59,
      "unit": "€"
    },
    "productPricePerUnitWithLoyaltyCard": {
      "value": 22.27,
      "unit": "€/l"
    },
    "imageUrl": "https://cdn.barbora.lv/products/ce852fd3-4b6d-403e-b0ec-214b6397ea89_s.png",
    "available": true,
    "discount": 14
  },
  {
    "shop": "MAXIMA",
    "categories": [
      1,
      1001,
      10010014
    ],
    "productName": "Balzams RIGA BLACK BALSAM 45% 0,7L",
    "productPriceOld": {
      "value": 18.34,
      "unit": "€"
    },
    "productPrice": {
      "value": 18.34,
      "unit": "€"
    },
    "productPricePerUnit": {
      "value": 26.2,
      "unit": "€/l"
    },
    "productPriceWithLoyaltyCard": {
      "value": 15.59,
      "unit": "€"
    },
    "productPricePerUnitWithLoyaltyCard": {
      "value": 22.27,
      "unit": "€/l"
    },
    "imageUrl": "https://cdn.barbora.lv/products/22260ed7-7510-4922-abb9-164c70531453_s.png",
    "available": true,
    "discount": 15
  },
  {
    "shop": "MAXIMA",
    "categories": [
      1,
      1001,
      10010014
    ],
    "productName": "Balzams RIGA BLACK BALSAM Ķiršu 30% 0,7L",
    "productPriceOld": {
      "value": 18.23,
      "unit": "€"
    },
    "productPrice": {
      "value": 18.23,
      "unit": "€"
    },
    "productPricePerUnit": {
      "value": 26.04,
      "unit": "€/l"
    },
    "productPriceWithLoyaltyCard": {
      "value": 15.59,
      "unit": "€"
    },
    "productPricePerUnitWithLoyaltyCard": {
      "value": 22.27,
      "unit": "€/l"
    },
    "imageUrl": "https://cdn.barbora.lv/products/71695872-2cbb-49aa-a5e1-6e35d4f87a71_s.png",
    "available": true,
    "discount": 14
  },
  {
    "shop": "MAXIMA",
    "categories": [
      1,
      1001,
      10010016
    ],
    "productName": "Degvīns UKRAINKA PLATINUM 40% 0,5L",
    "productPriceOld": null,
    "productPrice": {
      "value": 11.16,
      "unit": "€"
    },
    "productPricePerUnit": {
      "value": 22.32,
      "unit": "€/l"
    },
    "productPriceWithLoyaltyCard": null,
    "productPricePerUnitWithLoyaltyCard": null,
    "imageUrl": "https://cdn.barbora.lv/products/1070c917-2a2f-4934-8f45-4a2302720242_s.png",
    "available": true,
    "discount": null
  },
  {
    "shop": "MAXIMA",
    "categories": [
      1,
      1001,
      10010016
    ],
    "productName": "Degvīns UKRAINKA 40% 0,5L",
    "productPriceOld": null,
    "productPrice": {
      "value": 11.16,
      "unit": "€"
    },
    "productPricePerUnit": {
      "value": 22.32,
      "unit": "€/l"
    },
    "productPriceWithLoyaltyCard": null,
    "productPricePerUnitWithLoyaltyCard": null,
    "imageUrl": "https://cdn.barbora.lv/products/932aef5a-184d-46d2-8b34-bb610957d902_s.png",
    "available": true,
    "discount": null
  },
  {
    "shop": "MAXIMA",
    "categories": [
      1,
      1001,
      10010016
    ],
    "productName": "Arom.degv.UKRAINKA Honey Pep.40% 0,5L",
    "productPriceOld": null,
    "productPrice": {
      "value": 11.16,
      "unit": "€"
    },
    "productPricePerUnit": {
      "value": 22.32,
      "unit": "€/l"
    },
    "productPriceWithLoyaltyCard": null,
    "productPricePerUnitWithLoyaltyCard": null,
    "imageUrl": "https://cdn.barbora.lv/products/4170b5a2-5648-4e57-8554-ba984ba1ca1b_s.png",
    "available": true,
    "discount": null
  },
  {
    "shop": "MAXIMA",
    "categories": [
      1,
      1001,
      1001003
    ],
    "productName": "Vīns SANTA CRISTINA CHIANTI 13% 0,75l",
    "productPriceOld": null,
    "productPrice": {
      "value": 16.79,
      "unit": "€"
    },
    "productPricePerUnit": {
      "value": 22.39,
      "unit": "€/l"
    },
    "productPriceWithLoyaltyCard": null,
    "productPricePerUnitWithLoyaltyCard": null,
    "imageUrl": "https://cdn.barbora.lv/products/2095b491-3219-47da-bd38-c9adab0b9653_s.png",
    "available": true,
    "discount": null
  },
  {
    "shop": "MAXIMA",
    "categories": [
      1,
      1001,
      10010019
    ],
    "productName": "Stipr.alk.dzēriens DUKATS 38% 0,2L",
    "productPriceOld": null,
    "productPrice": {
      "value": 4.48,
      "unit": "€"
    },
    "productPricePerUnit": {
      "value": 22.4,
      "unit": "€/l"
    },
    "productPriceWithLoyaltyCard": null,
    "productPricePerUnitWithLoyaltyCard": null,
    "imageUrl": "https://cdn.barbora.lv/products/ba043d80-a310-4316-9ad9-319cde2aab53_s.png",
    "available": true,
    "discount": null
  },
  {
    "shop": "MAXIMA",
    "categories": [
      1,
      1001,
      10010012
    ],
    "productName": "Džins BEEFEATER DRY 40% 0,5L",
    "productPriceOld": null,
    "productPrice": {
      "value": 11.22,
      "unit": "€"
    },
    "productPricePerUnit": {
      "value": 22.44,
      "unit": "€/l"
    },
    "productPriceWithLoyaltyCard": null,
    "productPricePerUnitWithLoyaltyCard": null,
    "imageUrl": "https://cdn.barbora.lv/products/289c9788-9298-4bd0-987f-586f429d07a3_s.png",
    "available": true,
    "discount": null
  },
  {
    "shop": "RIMI",
    "categories": [
      1,
      1001,
      1001003
    ],
    "productName": "S.v. Somewhere Else Vineyards Mal.14% 0,75l",
    "productPriceOld": null,
    "productPrice": {
      "value": 16.85,
      "unit": "€/gab"
    },
    "productPricePerUnit": {
      "value": 22.47,
      "unit": "€/l"
    },
    "productPriceWithLoyaltyCard": null,
    "productPricePerUnitWithLoyaltyCard": null,
    "imageUrl": "https://rimibaltic-res.cloudinary.com/image/upload/d_ecommerce:backend-fallback.png/MAT_7238707_PCE_LV",
    "available": true,
    "discount": null
  },
  {
    "shop": "RIMI",
    "categories": [
      1,
      1001,
      1001003
    ],
    "productName": "S.v. L. Marques Rioja Gr.Res. 13% 0,75l",
    "productPriceOld": null,
    "productPrice": {
      "value": 16.89,
      "unit": "€/gab"
    },
    "productPricePerUnit": {
      "value": 22.52,
      "unit": "€/l"
    },
    "productPriceWithLoyaltyCard": null,
    "productPricePerUnitWithLoyaltyCard": null,
    "imageUrl": "https://rimibaltic-res.cloudinary.com/image/upload/d_ecommerce:backend-fallback.png/MAT_7145233_PCE_LV",
    "available": true,
    "discount": null
  },
  {
    "shop": "RIMI",
    "categories": [
      1,
      1001,
      1001003
    ],
    "productName": "S.v. L. Marques Rioja Gr.Res. 13% 0,75l",
    "productPriceOld": null,
    "productPrice": {
      "value": 16.89,
      "unit": "€/gab"
    },
    "productPricePerUnit": {
      "value": 22.52,
      "unit": "€/l"
    },
    "productPriceWithLoyaltyCard": null,
    "productPricePerUnitWithLoyaltyCard": null,
    "imageUrl": "https://rimibaltic-res.cloudinary.com/image/upload/d_ecommerce:backend-fallback.png/MAT_7145233_PCE_LV",
    "available": true,
    "discount": null
  },
  {
    "shop": "RIMI",
    "categories": [
      1,
      1001,
      1001003
    ],
    "productName": "B.v. Grimaldi Gavi 12,5% 0,75l",
    "productPriceOld": null,
    "productPrice": {
      "value": 16.89,
      "unit": "€/gab"
    },
    "productPricePerUnit": {
      "value": 22.52,
      "unit": "€/l"
    },
    "productPriceWithLoyaltyCard": null,
    "productPricePerUnitWithLoyaltyCard": null,
    "imageUrl": "https://rimibaltic-res.cloudinary.com/image/upload/d_ecommerce:backend-fallback.png/MAT_7248944_PCE_LV",
    "available": true,
    "discount": null
  },
  {
    "shop": "MAXIMA",
    "categories": [
      1,
      1001,
      1001003
    ],
    "productName": "Vīns TOMMASI LE ROSSE P.GRIGIO 12% 0,75L",
    "productPriceOld": null,
    "productPrice": {
      "value": 16.9,
      "unit": "€"
    },
    "productPricePerUnit": {
      "value": 22.53,
      "unit": "€/l"
    },
    "productPriceWithLoyaltyCard": null,
    "productPricePerUnitWithLoyaltyCard": null,
    "imageUrl": "https://cdn.barbora.lv/products/38e77968-52a4-4e84-be35-01ca191dcac6_s.png",
    "available": true,
    "discount": null
  },
  {
    "shop": "RIMI",
    "categories": [
      1,
      1001,
      10010016
    ],
    "productName": "Degvīns Moskovskaya Silver 40% 0,7l",
    "productPriceOld": null,
    "productPrice": {
      "value": 15.79,
      "unit": "€/gab"
    },
    "productPricePerUnit": {
      "value": 22.56,
      "unit": "€/l"
    },
    "productPriceWithLoyaltyCard": null,
    "productPricePerUnitWithLoyaltyCard": null,
    "imageUrl": "https://rimibaltic-res.cloudinary.com/image/upload/d_ecommerce:backend-fallback.png/MAT_7298137_PCE_LV",
    "available": true,
    "discount": null
  },
  {
    "shop": "RIMI",
    "categories": [
      1,
      1001,
      10010010
    ],
    "productName": "Brendijs Garling 36% 0,5l",
    "productPriceOld": null,
    "productPrice": {
      "value": 11.29,
      "unit": "€/gab"
    },
    "productPricePerUnit": {
      "value": 22.58,
      "unit": "€/l"
    },
    "productPriceWithLoyaltyCard": null,
    "productPricePerUnitWithLoyaltyCard": null,
    "imageUrl": "https://rimibaltic-res.cloudinary.com/image/upload/d_ecommerce:backend-fallback.png/MAT_702171_PCE_LV",
    "available": true,
    "discount": null
  },
  {
    "shop": "MAXIMA",
    "categories": [
      1,
      1001,
      10010010
    ],
    "productName": "Brendijs GARLING tīkliņā 36% 0,5l",
    "productPriceOld": null,
    "productPrice": {
      "value": 11.29,
      "unit": "€"
    },
    "productPricePerUnit": {
      "value": 22.58,
      "unit": "€/l"
    },
    "productPriceWithLoyaltyCard": null,
    "productPricePerUnitWithLoyaltyCard": null,
    "imageUrl": "https://cdn.barbora.lv/products/b2f7d709-fd8e-4b69-8d4f-fd64c2484a4f_s.png",
    "available": true,
    "discount": null
  },
  {
    "shop": "MAXIMA",
    "categories": [
      1,
      1001,
      10010016
    ],
    "productName": "Degvīns RIGA BLACK VODKA 40% 1L",
    "productPriceOld": null,
    "productPrice": {
      "value": 22.59,
      "unit": "€"
    },
    "productPricePerUnit": {
      "value": 22.59,
      "unit": "€/l"
    },
    "productPriceWithLoyaltyCard": null,
    "productPricePerUnitWithLoyaltyCard": null,
    "imageUrl": "https://cdn.barbora.lv/products/49927280-cb00-497e-9765-fcb095b3eb07_s.png",
    "available": true,
    "discount": null
  },
  {
    "shop": "MAXIMA",
    "categories": [
      1,
      1001,
      10010012
    ],
    "productName": "Džins JOHAN FREITAG 38% 0,5L",
    "productPriceOld": null,
    "productPrice": {
      "value": 11.32,
      "unit": "€"
    },
    "productPricePerUnit": {
      "value": 22.64,
      "unit": "€/l"
    },
    "productPriceWithLoyaltyCard": null,
    "productPricePerUnitWithLoyaltyCard": null,
    "imageUrl": "https://cdn.barbora.lv/products/131fccef-2d9d-4b71-a5c7-d5398e98cd80_s.png",
    "available": true,
    "discount": null
  },
  {
    "shop": "RIMI",
    "categories": [
      1,
      1001,
      1001003
    ],
    "productName": "B.v. Bernard Defaix Petit Chablis 12,5% 0,75l",
    "productPriceOld": null,
    "productPrice": {
      "value": 22.19,
      "unit": "€/gab"
    },
    "productPricePerUnit": {
      "value": 29.59,
      "unit": "€/l"
    },
    "productPriceWithLoyaltyCard": {
      "value": 16.99,
      "unit": "€"
    },
    "productPricePerUnitWithLoyaltyCard": {
      "value": 22.65,
      "unit": "€/l"
    },
    "imageUrl": "https://rimibaltic-res.cloudinary.com/image/upload/d_ecommerce:backend-fallback.png/MAT_460201_PCE_LV",
    "available": true,
    "discount": 23
  },
  {
    "shop": "RIMI",
    "categories": [
      1,
      1001,
      1001003
    ],
    "productName": "B.v. Earth Garden Sauv. Blanc Org. 14% 0,75l",
    "productPriceOld": null,
    "productPrice": {
      "value": 19.79,
      "unit": "€/gab"
    },
    "productPricePerUnit": {
      "value": 26.39,
      "unit": "€/l"
    },
    "productPriceWithLoyaltyCard": {
      "value": 16.99,
      "unit": "€"
    },
    "productPricePerUnitWithLoyaltyCard": {
      "value": 22.65,
      "unit": "€/l"
    },
    "imageUrl": "https://rimibaltic-res.cloudinary.com/image/upload/d_ecommerce:backend-fallback.png/MAT_7256781_PCE_LV",
    "available": true,
    "discount": 14
  },
  {
    "shop": "RIMI",
    "categories": [
      1,
      1001,
      1001003
    ],
    "productName": "Portvīns Graham’s Fine Ruby Port 19% 0,75l",
    "productPriceOld": null,
    "productPrice": {
      "value": 22.09,
      "unit": "€/gab"
    },
    "productPricePerUnit": {
      "value": 29.45,
      "unit": "€/l"
    },
    "productPriceWithLoyaltyCard": {
      "value": 16.99,
      "unit": "€"
    },
    "productPricePerUnitWithLoyaltyCard": {
      "value": 22.65,
      "unit": "€/l"
    },
    "imageUrl": "https://rimibaltic-res.cloudinary.com/image/upload/d_ecommerce:backend-fallback.png/MAT_7250081_PCE_LV",
    "available": true,
    "discount": 23
  },
  {
    "shop": "RIMI",
    "categories": [
      1,
      1001,
      1001003
    ],
    "productName": "B.v. Tarapaca Gr. Reserva Chard. 13,5% 0,75l",
    "productPriceOld": null,
    "productPrice": {
      "value": 16.99,
      "unit": "€/gab"
    },
    "productPricePerUnit": {
      "value": 22.65,
      "unit": "€/l"
    },
    "productPriceWithLoyaltyCard": null,
    "productPricePerUnitWithLoyaltyCard": null,
    "imageUrl": "https://rimibaltic-res.cloudinary.com/image/upload/d_ecommerce:backend-fallback.png/MAT_109345_PCE_LV",
    "available": true,
    "discount": null
  },
  {
    "shop": "RIMI",
    "categories": [
      1,
      1001,
      1001003
    ],
    "productName": "S.v. Tarapaca Reserva Cab. Sauv. 14% 0,75l",
    "productPriceOld": null,
    "productPrice": {
      "value": 16.99,
      "unit": "€/gab"
    },
    "productPricePerUnit": {
      "value": 22.65,
      "unit": "€/l"
    },
    "productPriceWithLoyaltyCard": null,
    "productPricePerUnitWithLoyaltyCard": null,
    "imageUrl": "https://rimibaltic-res.cloudinary.com/image/upload/d_ecommerce:backend-fallback.png/MAT_109344_PCE_LV",
    "available": true,
    "discount": null
  },
  {
    "shop": "MAXIMA",
    "categories": [
      1,
      1001,
      1001003
    ],
    "productName": "Portvīns GRAHAM'S RUBY LBV 20% 0,75L",
    "productPriceOld": {
      "value": 28.75,
      "unit": "€"
    },
    "productPrice": {
      "value": 28.75,
      "unit": "€"
    },
    "productPricePerUnit": {
      "value": 38.33,
      "unit": "€/l"
    },
    "productPriceWithLoyaltyCard": {
      "value": 16.99,
      "unit": "€"
    },
    "productPricePerUnitWithLoyaltyCard": {
      "value": 22.65,
      "unit": "€/l"
    },
    "imageUrl": "https://cdn.barbora.lv/products/19748b4b-0122-4301-b6cc-bdbf051a5f1d_s.png",
    "available": true,
    "discount": 41
  },
  {
    "shop": "MAXIMA",
    "categories": [
      1,
      1001,
      1001003
    ],
    "productName": "Vīns TARAPACA Gran Cab.Sauvign.14% 0,75L",
    "productPriceOld": null,
    "productPrice": {
      "value": 16.99,
      "unit": "€"
    },
    "productPricePerUnit": {
      "value": 22.65,
      "unit": "€/l"
    },
    "productPriceWithLoyaltyCard": null,
    "productPricePerUnitWithLoyaltyCard": null,
    "imageUrl": "https://cdn.barbora.lv/products/b7ee78ab-c242-4ef2-b6a5-9591cc94ee59_s.png",
    "available": true,
    "discount": null
  },
  {
    "shop": "MAXIMA",
    "categories": [
      1,
      1001,
      1001003
    ],
    "productName": "Portvīns GRAHAM'S TAWNY RESERVE20% 0,75L",
    "productPriceOld": {
      "value": 24.38,
      "unit": "€"
    },
    "productPrice": {
      "value": 24.38,
      "unit": "€"
    },
    "productPricePerUnit": {
      "value": 32.51,
      "unit": "€/l"
    },
    "productPriceWithLoyaltyCard": {
      "value": 16.99,
      "unit": "€"
    },
    "productPricePerUnitWithLoyaltyCard": {
      "value": 22.66,
      "unit": "€/l"
    },
    "imageUrl": "https://cdn.barbora.lv/products/7e55af13-e21d-4616-9d15-973b5296c4f9_s.png",
    "available": true,
    "discount": 30
  },
  {
    "shop": "RIMI",
    "categories": [
      1,
      1001,
      10010016
    ],
    "productName": "Degvīns Zubrowka Biala 40% 0,7l",
    "productPriceOld": null,
    "productPrice": {
      "value": 15.89,
      "unit": "€/gab"
    },
    "productPricePerUnit": {
      "value": 22.7,
      "unit": "€/l"
    },
    "productPriceWithLoyaltyCard": null,
    "productPricePerUnitWithLoyaltyCard": null,
    "imageUrl": "https://rimibaltic-res.cloudinary.com/image/upload/d_ecommerce:backend-fallback.png/MAT_7213307_PCE_LV",
    "available": true,
    "discount": null
  },
  {
    "shop": "RIMI",
    "categories": [
      1,
      1001,
      10010016
    ],
    "productName": "Degvīns Zubrowka Biala 40% 0,7l",
    "productPriceOld": null,
    "productPrice": {
      "value": 15.89,
      "unit": "€/gab"
    },
    "productPricePerUnit": {
      "value": 22.7,
      "unit": "€/l"
    },
    "productPriceWithLoyaltyCard": null,
    "productPricePerUnitWithLoyaltyCard": null,
    "imageUrl": "https://rimibaltic-res.cloudinary.com/image/upload/d_ecommerce:backend-fallback.png/MAT_7213307_PCE_LV",
    "available": true,
    "discount": null
  },
  {
    "shop": "RIMI",
    "categories": [
      1,
      1001,
      10010016
    ],
    "productName": "Degvīns Zubrowka Biala 40% 0,7l",
    "productPriceOld": null,
    "productPrice": {
      "value": 15.89,
      "unit": "€/gab"
    },
    "productPricePerUnit": {
      "value": 22.7,
      "unit": "€/l"
    },
    "productPriceWithLoyaltyCard": null,
    "productPricePerUnitWithLoyaltyCard": null,
    "imageUrl": "https://rimibaltic-res.cloudinary.com/image/upload/d_ecommerce:backend-fallback.png/MAT_7213307_PCE_LV",
    "available": true,
    "discount": null
  },
  {
    "shop": "MAXIMA",
    "categories": [
      1,
      1001,
      1001004
    ],
    "productName": "Dz.v.MARTINI Prosecco D.O.C. 11,5% 200ml",
    "productPriceOld": null,
    "productPrice": {
      "value": 4.54,
      "unit": "€"
    },
    "productPricePerUnit": {
      "value": 22.7,
      "unit": "€/l"
    },
    "productPriceWithLoyaltyCard": null,
    "productPricePerUnitWithLoyaltyCard": null,
    "imageUrl": "https://cdn.barbora.lv/products/04e521d1-ab80-4115-a0c3-f2b4fd56827d_s.png",
    "available": true,
    "discount": null
  },
  {
    "shop": "MAXIMA",
    "categories": [
      1,
      1001,
      10010012
    ],
    "productName": "Džins HOGARTH DRY GIN 37,5% 0,7L",
    "productPriceOld": null,
    "productPrice": {
      "value": 15.89,
      "unit": "€"
    },
    "productPricePerUnit": {
      "value": 22.7,
      "unit": "€/l"
    },
    "productPriceWithLoyaltyCard": null,
    "productPricePerUnitWithLoyaltyCard": null,
    "imageUrl": "https://cdn.barbora.lv/products/cc617c69-d17d-48a0-9b11-56dfc02837ea_s.png",
    "available": true,
    "discount": null
  },
  {
    "shop": "RIMI",
    "categories": [
      1,
      1001,
      1001003
    ],
    "productName": "Portvīns Dows Fine Tawny Port 19% 0,75l",
    "productPriceOld": null,
    "productPrice": {
      "value": 17.05,
      "unit": "€/gab"
    },
    "productPricePerUnit": {
      "value": 22.73,
      "unit": "€/l"
    },
    "productPriceWithLoyaltyCard": null,
    "productPricePerUnitWithLoyaltyCard": null,
    "imageUrl": "https://rimibaltic-res.cloudinary.com/image/upload/d_ecommerce:backend-fallback.png/MAT_7067888_PCE_LV",
    "available": true,
    "discount": null
  },
  {
    "shop": "RIMI",
    "categories": [
      1,
      1001,
      1001004
    ],
    "productName": "Dz. vīns Martini Prosecco 11,5% 0,2l",
    "productPriceOld": null,
    "productPrice": {
      "value": 4.55,
      "unit": "€/gab"
    },
    "productPricePerUnit": {
      "value": 22.75,
      "unit": "€/l"
    },
    "productPriceWithLoyaltyCard": null,
    "productPricePerUnitWithLoyaltyCard": null,
    "imageUrl": "https://rimibaltic-res.cloudinary.com/image/upload/d_ecommerce:backend-fallback.png/MAT_7194147_PCE_LV",
    "available": true,
    "discount": null
  },
  {
    "shop": "RIMI",
    "categories": [
      1,
      1001,
      10010016
    ],
    "productName": "Arom. degvīns Arsenič upeņu 40% 0,5l",
    "productPriceOld": null,
    "productPrice": {
      "value": 11.39,
      "unit": "€/gab"
    },
    "productPricePerUnit": {
      "value": 22.78,
      "unit": "€/l"
    },
    "productPriceWithLoyaltyCard": null,
    "productPricePerUnitWithLoyaltyCard": null,
    "imageUrl": "https://rimibaltic-res.cloudinary.com/image/upload/d_ecommerce:backend-fallback.png/MAT_139285_PCE_LV",
    "available": true,
    "discount": null
  },
  {
    "shop": "RIMI",
    "categories": [
      1,
      1001,
      10010016
    ],
    "productName": "Arom. degvīns Arsenič dzērveņu 40% 0,5l",
    "productPriceOld": null,
    "productPrice": {
      "value": 11.39,
      "unit": "€/gab"
    },
    "productPricePerUnit": {
      "value": 22.78,
      "unit": "€/l"
    },
    "productPriceWithLoyaltyCard": null,
    "productPricePerUnitWithLoyaltyCard": null,
    "imageUrl": "https://rimibaltic-res.cloudinary.com/image/upload/d_ecommerce:backend-fallback.png/MAT_735447_PCE_LV",
    "available": true,
    "discount": null
  },
  {
    "shop": "RIMI",
    "categories": [
      1,
      1001,
      10010016
    ],
    "productName": "Arom. degvīns Arsenič smiltsērk. 40% 0,5l",
    "productPriceOld": null,
    "productPrice": {
      "value": 11.39,
      "unit": "€/gab"
    },
    "productPricePerUnit": {
      "value": 22.78,
      "unit": "€/l"
    },
    "productPriceWithLoyaltyCard": null,
    "productPricePerUnitWithLoyaltyCard": null,
    "imageUrl": "https://rimibaltic-res.cloudinary.com/image/upload/d_ecommerce:backend-fallback.png/MAT_744006_PCE_LV",
    "available": true,
    "discount": null
  },
  {
    "shop": "RIMI",
    "categories": [
      1,
      1001,
      10010016
    ],
    "productName": "Arom. degvīns Arsenič ābolu 40% 0,5l",
    "productPriceOld": null,
    "productPrice": {
      "value": 11.39,
      "unit": "€/gab"
    },
    "productPricePerUnit": {
      "value": 22.78,
      "unit": "€/l"
    },
    "productPriceWithLoyaltyCard": null,
    "productPricePerUnitWithLoyaltyCard": null,
    "imageUrl": "https://rimibaltic-res.cloudinary.com/image/upload/d_ecommerce:backend-fallback.png/MAT_792568_PCE_LV",
    "available": true,
    "discount": null
  },
  {
    "shop": "RIMI",
    "categories": [
      1,
      1001,
      10010016
    ],
    "productName": "Arom. degvīns Arsenič dzērveņu 40% 0,5l",
    "productPriceOld": null,
    "productPrice": {
      "value": 11.39,
      "unit": "€/gab"
    },
    "productPricePerUnit": {
      "value": 22.78,
      "unit": "€/l"
    },
    "productPriceWithLoyaltyCard": null,
    "productPricePerUnitWithLoyaltyCard": null,
    "imageUrl": "https://rimibaltic-res.cloudinary.com/image/upload/d_ecommerce:backend-fallback.png/MAT_735447_PCE_LV",
    "available": true,
    "discount": null
  },
  {
    "shop": "RIMI",
    "categories": [
      1,
      1001,
      10010016
    ],
    "productName": "Arom. degvīns Arsenič smiltsērk. 40% 0,5l",
    "productPriceOld": null,
    "productPrice": {
      "value": 11.39,
      "unit": "€/gab"
    },
    "productPricePerUnit": {
      "value": 22.78,
      "unit": "€/l"
    },
    "productPriceWithLoyaltyCard": null,
    "productPricePerUnitWithLoyaltyCard": null,
    "imageUrl": "https://rimibaltic-res.cloudinary.com/image/upload/d_ecommerce:backend-fallback.png/MAT_744006_PCE_LV",
    "available": true,
    "discount": null
  },
  {
    "shop": "RIMI",
    "categories": [
      1,
      1001,
      10010016
    ],
    "productName": "Arom. degvīns Arsenič ābolu 40% 0,5l",
    "productPriceOld": null,
    "productPrice": {
      "value": 11.39,
      "unit": "€/gab"
    },
    "productPricePerUnit": {
      "value": 22.78,
      "unit": "€/l"
    },
    "productPriceWithLoyaltyCard": null,
    "productPricePerUnitWithLoyaltyCard": null,
    "imageUrl": "https://rimibaltic-res.cloudinary.com/image/upload/d_ecommerce:backend-fallback.png/MAT_792568_PCE_LV",
    "available": true,
    "discount": null
  },
  {
    "shop": "RIMI",
    "categories": [
      2,
      2001,
      20010015
    ],
    "productName": "Groziņi Flora sāļās laiviņas 140g",
    "productPriceOld": null,
    "productPrice": {
      "value": 3.19,
      "unit": "€/gab"
    },
    "productPricePerUnit": {
      "value": 22.79,
      "unit": "€/kg"
    },
    "productPriceWithLoyaltyCard": null,
    "productPricePerUnitWithLoyaltyCard": null,
    "imageUrl": "https://rimibaltic-res.cloudinary.com/image/upload/d_ecommerce:backend-fallback.png/MAT_215088_PCE_LV",
    "available": true,
    "discount": null
  },
  {
    "shop": "RIMI",
    "categories": [
      1,
      1001,
      10010016
    ],
    "productName": "Degvīns Gorilka Medova z percem 40% 0,7l",
    "productPriceOld": null,
    "productPrice": {
      "value": 15.95,
      "unit": "€/gab"
    },
    "productPricePerUnit": {
      "value": 22.79,
      "unit": "€/l"
    },
    "productPriceWithLoyaltyCard": null,
    "productPricePerUnitWithLoyaltyCard": null,
    "imageUrl": "https://rimibaltic-res.cloudinary.com/image/upload/d_ecommerce:backend-fallback.png/MAT_7281597_PCE_LV",
    "available": true,
    "discount": null
  },
  {
    "shop": "RIMI",
    "categories": [
      1,
      1001,
      10010016
    ],
    "productName": "Degvīns Gorilka Klasična 40% 0,7l",
    "productPriceOld": null,
    "productPrice": {
      "value": 15.95,
      "unit": "€/gab"
    },
    "productPricePerUnit": {
      "value": 22.79,
      "unit": "€/l"
    },
    "productPriceWithLoyaltyCard": null,
    "productPricePerUnitWithLoyaltyCard": null,
    "imageUrl": "https://rimibaltic-res.cloudinary.com/image/upload/d_ecommerce:backend-fallback.png/MAT_7281615_PCE_LV",
    "available": true,
    "discount": null
  },
  {
    "shop": "RIMI",
    "categories": [
      1,
      1001,
      10010016
    ],
    "productName": "Degvīns Sila Prirodi klassičeskaja 40% 0,7L",
    "productPriceOld": null,
    "productPrice": {
      "value": 15.95,
      "unit": "€/gab"
    },
    "productPricePerUnit": {
      "value": 22.79,
      "unit": "€/l"
    },
    "productPriceWithLoyaltyCard": null,
    "productPricePerUnitWithLoyaltyCard": null,
    "imageUrl": "https://rimibaltic-res.cloudinary.com/image/upload/d_ecommerce:backend-fallback.png/MAT_7130878_PCE_LV",
    "available": true,
    "discount": null
  },
  {
    "shop": "MAXIMA",
    "categories": [
      1,
      1001,
      10010019
    ],
    "productName": "Akvavits O.P.ANDERSON 40% 0,7l",
    "productPriceOld": null,
    "productPrice": {
      "value": 15.95,
      "unit": "€"
    },
    "productPricePerUnit": {
      "value": 22.79,
      "unit": "€/l"
    },
    "productPriceWithLoyaltyCard": null,
    "productPricePerUnitWithLoyaltyCard": null,
    "imageUrl": "https://cdn.barbora.lv/products/c882caac-4686-4e1d-9ca8-e8a0ff73e2b0_s.png",
    "available": true,
    "discount": null
  },
  {
    "shop": "MAXIMA",
    "categories": [
      2,
      2001,
      20010015
    ],
    "productName": "Sāļie groziņi LAIVIŅAS 140g",
    "productPriceOld": null,
    "productPrice": {
      "value": 3.19,
      "unit": "€"
    },
    "productPricePerUnit": {
      "value": 22.79,
      "unit": "€/kg"
    },
    "productPriceWithLoyaltyCard": null,
    "productPricePerUnitWithLoyaltyCard": null,
    "imageUrl": "https://cdn.barbora.lv/products/fc56ef11-920f-4d36-a64a-e567b325e6d2_s.png",
    "available": true,
    "discount": null
  },
  {
    "shop": "MAXIMA",
    "categories": [
      2,
      2001,
      20010015
    ],
    "productName": "Cepumi sāļās standz.ar sieru FLORA 160g",
    "productPriceOld": null,
    "productPrice": {
      "value": 3.65,
      "unit": "€"
    },
    "productPricePerUnit": {
      "value": 22.81,
      "unit": "€/kg"
    },
    "productPriceWithLoyaltyCard": null,
    "productPricePerUnitWithLoyaltyCard": null,
    "imageUrl": "https://cdn.barbora.lv/products/dc87b2e1-f3ad-4b87-9035-ef2acefb0bbb_s.png",
    "available": true,
    "discount": null
  },
  {
    "shop": "RIMI",
    "categories": [
      2,
      2002
    ],
    "productName": "Torte Cielaviņa ar lazdu riekstiem 700g",
    "productPriceOld": null,
    "productPrice": {
      "value": 15.99,
      "unit": "€/gab"
    },
    "productPricePerUnit": {
      "value": 22.84,
      "unit": "€/kg"
    },
    "productPriceWithLoyaltyCard": null,
    "productPricePerUnitWithLoyaltyCard": null,
    "imageUrl": "https://rimibaltic-res.cloudinary.com/image/upload/d_ecommerce:backend-fallback.png/MAT_902099_PCE_LV",
    "available": true,
    "discount": null
  },
  {
    "shop": "RIMI",
    "categories": [
      1,
      1001,
      10010012
    ],
    "productName": "Džins Beefeater 40% 0,7l",
    "productPriceOld": null,
    "productPrice": {
      "value": 20.99,
      "unit": "€/gab"
    },
    "productPricePerUnit": {
      "value": 29.99,
      "unit": "€/l"
    },
    "productPriceWithLoyaltyCard": {
      "value": 15.99,
      "unit": "€"
    },
    "productPricePerUnitWithLoyaltyCard": {
      "value": 22.84,
      "unit": "€/l"
    },
    "imageUrl": "https://rimibaltic-res.cloudinary.com/image/upload/d_ecommerce:backend-fallback.png/MAT_678675_PCE_LV",
    "available": true,
    "discount": 24
  },
  {
    "shop": "RIMI",
    "categories": [
      1,
      1001,
      10010013
    ],
    "productName": "Liķieris Jagermeister Scharf 33% 0,7l",
    "productPriceOld": null,
    "productPrice": {
      "value": 19.35,
      "unit": "€/gab"
    },
    "productPricePerUnit": {
      "value": 27.64,
      "unit": "€/l"
    },
    "productPriceWithLoyaltyCard": {
      "value": 15.99,
      "unit": "€"
    },
    "productPricePerUnitWithLoyaltyCard": {
      "value": 22.84,
      "unit": "€/l"
    },
    "imageUrl": "https://rimibaltic-res.cloudinary.com/image/upload/d_ecommerce:backend-fallback.png/MAT_7209645_PCE_LV",
    "available": true,
    "discount": 17
  },
  {
    "shop": "RIMI",
    "categories": [
      1,
      1001,
      10010013
    ],
    "productName": "Liķieris Jagermeister 35% 0,7l",
    "productPriceOld": null,
    "productPrice": {
      "value": 20.39,
      "unit": "€/gab"
    },
    "productPricePerUnit": {
      "value": 29.13,
      "unit": "€/l"
    },
    "productPriceWithLoyaltyCard": {
      "value": 15.99,
      "unit": "€"
    },
    "productPricePerUnitWithLoyaltyCard": {
      "value": 22.84,
      "unit": "€/l"
    },
    "imageUrl": "https://rimibaltic-res.cloudinary.com/image/upload/d_ecommerce:backend-fallback.png/MAT_102205_PCE_LV",
    "available": true,
    "discount": 22
  },
  {
    "shop": "MAXIMA",
    "categories": [
      1,
      1001,
      10010012
    ],
    "productName": "Džins LB 40% 0,7l",
    "productPriceOld": null,
    "productPrice": {
      "value": 15.99,
      "unit": "€"
    },
    "productPricePerUnit": {
      "value": 22.84,
      "unit": "€/l"
    },
    "productPriceWithLoyaltyCard": null,
    "productPricePerUnitWithLoyaltyCard": null,
    "imageUrl": "https://cdn.barbora.lv/products/d5d320ff-fb26-4bdd-896c-3505e1187981_s.png",
    "available": true,
    "discount": null
  },
  {
    "shop": "MAXIMA",
    "categories": [
      1,
      1001,
      10010010
    ],
    "productName": "Brendijs J.P.CHENET IMPERIALE 38% 0,7l",
    "productPriceOld": {
      "value": 20.33,
      "unit": "€"
    },
    "productPrice": {
      "value": 20.33,
      "unit": "€"
    },
    "productPricePerUnit": {
      "value": 29.04,
      "unit": "€/l"
    },
    "productPriceWithLoyaltyCard": {
      "value": 15.99,
      "unit": "€"
    },
    "productPricePerUnitWithLoyaltyCard": {
      "value": 22.84,
      "unit": "€/l"
    },
    "imageUrl": "https://cdn.barbora.lv/products/45cb71fd-93e6-40ff-8084-54ebf666a3c5_s.png",
    "available": true,
    "discount": 21
  },
  {
    "shop": "MAXIMA",
    "categories": [
      1,
      1001,
      10010010
    ],
    "productName": "Brendijs ARMJANSKIJ BRENDI 3* 40% 0,7L",
    "productPriceOld": {
      "value": 19.77,
      "unit": "€"
    },
    "productPrice": {
      "value": 15.99,
      "unit": "€"
    },
    "productPricePerUnit": {
      "value": 22.84,
      "unit": "€/l"
    },
    "productPriceWithLoyaltyCard": null,
    "productPricePerUnitWithLoyaltyCard": null,
    "imageUrl": "https://cdn.barbora.lv/products/1c2f984d-69f2-4d25-9100-2c0b3b4fa9dd_s.png",
    "available": true,
    "discount": 19
  },
  {
    "shop": "MAXIMA",
    "categories": [
      1,
      1001,
      10010010
    ],
    "productName": "Brendijs ST-REMY VSOP 36% 0,7l",
    "productPriceOld": {
      "value": 22.15,
      "unit": "€"
    },
    "productPrice": {
      "value": 15.99,
      "unit": "€"
    },
    "productPricePerUnit": {
      "value": 22.84,
      "unit": "€/l"
    },
    "productPriceWithLoyaltyCard": null,
    "productPricePerUnitWithLoyaltyCard": null,
    "imageUrl": "https://cdn.barbora.lv/products/abf9cfc6-a7d6-40f2-9b56-4b0c9e1bde9a_s.png",
    "available": true,
    "discount": 28
  },
  {
    "shop": "MAXIMA",
    "categories": [
      1,
      1001,
      10010016
    ],
    "productName": "Ar.degv.NEMIROFF DeLuxe Hon.Pepp40% 0,7L",
    "productPriceOld": {
      "value": 20.31,
      "unit": "€"
    },
    "productPrice": {
      "value": 15.99,
      "unit": "€"
    },
    "productPricePerUnit": {
      "value": 22.84,
      "unit": "€/l"
    },
    "productPriceWithLoyaltyCard": null,
    "productPricePerUnitWithLoyaltyCard": null,
    "imageUrl": "https://cdn.barbora.lv/products/d18ca5ba-bec8-40a0-82ca-23ca8623b711_s.png",
    "available": true,
    "discount": 21
  },
  {
    "shop": "MAXIMA",
    "categories": [
      2,
      2002
    ],
    "productName": "Torte Cielaviņa ar lazdu riekstiem STABURADZE 700g",
    "productPriceOld": null,
    "productPrice": {
      "value": 15.99,
      "unit": "€"
    },
    "productPricePerUnit": {
      "value": 22.84,
      "unit": "€/kg"
    },
    "productPriceWithLoyaltyCard": null,
    "productPricePerUnitWithLoyaltyCard": null,
    "imageUrl": "https://cdn.barbora.lv/products/988dab91-56e2-4347-9984-840ba095c478_s.png",
    "available": true,
    "discount": null
  },
  {
    "shop": "CITRO",
    "categories": [
      1,
      1001,
      1001009
    ],
    "productName": "VISKIJS LABEL 5 40% 0.7L",
    "productPriceOld": null,
    "productPrice": null,
    "productPricePerUnit": {
      "value": 22.84,
      "unit": "€/L"
    },
    "productPriceWithLoyaltyCard": null,
    "productPricePerUnitWithLoyaltyCard": null,
    "imageUrl": "https://rezekne.citro.lv/wp-content/uploads/2021/04/3147690051206-300x300.jpg",
    "available": true,
    "discount": null
  },
  {
    "shop": "CITRO",
    "categories": [
      1,
      1001,
      1001007
    ],
    "productName": "RUMS EL GALIPOTE SPICED  35% 0.7L",
    "productPriceOld": null,
    "productPrice": null,
    "productPricePerUnit": {
      "value": 22.84,
      "unit": "€/L"
    },
    "productPriceWithLoyaltyCard": null,
    "productPricePerUnitWithLoyaltyCard": null,
    "imageUrl": "https://rezekne.citro.lv/wp-content/uploads/2024/08/4770053240819-300x300.jpg",
    "available": true,
    "discount": null
  },
  {
    "shop": "CITRO",
    "categories": [
      1,
      1001,
      10010016
    ],
    "productName": "DEGVĪNS STOLICHNAYA 40% 0.7L",
    "productPriceOld": null,
    "productPrice": null,
    "productPricePerUnit": {
      "value": 22.84,
      "unit": "€/L"
    },
    "productPriceWithLoyaltyCard": null,
    "productPricePerUnitWithLoyaltyCard": null,
    "imageUrl": "https://rezekne.citro.lv/wp-content/uploads/2023/10/4750021000065-300x300.jpg",
    "available": true,
    "discount": null
  },
  {
    "shop": "CITRO",
    "categories": [
      1,
      1001,
      1001007
    ],
    "productName": "RUMS EL GALIPOTE DARK 40% 0.7L",
    "productPriceOld": null,
    "productPrice": null,
    "productPricePerUnit": {
      "value": 22.84,
      "unit": "€/L"
    },
    "productPriceWithLoyaltyCard": null,
    "productPricePerUnitWithLoyaltyCard": null,
    "imageUrl": "https://rezekne.citro.lv/wp-content/uploads/2022/05/4770053240659-300x300.jpg",
    "available": true,
    "discount": null
  },
  {
    "shop": "CITRO",
    "categories": [
      1,
      1001,
      1001007
    ],
    "productName": "RUMS EL GALIPOTE WHITE 37.5% 0.7L",
    "productPriceOld": null,
    "productPrice": null,
    "productPricePerUnit": {
      "value": 22.84,
      "unit": "€/L"
    },
    "productPriceWithLoyaltyCard": null,
    "productPricePerUnitWithLoyaltyCard": null,
    "imageUrl": "https://rezekne.citro.lv/wp-content/uploads/2022/05/4770053240635-300x300.jpg",
    "available": true,
    "discount": null
  },
  {
    "shop": "RIMI",
    "categories": [
      1,
      1001,
      1001003
    ],
    "productName": "B.v. Marlborough Sauvignon Blanc 12.5% 0,75l",
    "productPriceOld": null,
    "productPrice": {
      "value": 17.15,
      "unit": "€/gab"
    },
    "productPricePerUnit": {
      "value": 22.87,
      "unit": "€/l"
    },
    "productPriceWithLoyaltyCard": null,
    "productPricePerUnitWithLoyaltyCard": null,
    "imageUrl": "https://rimibaltic-res.cloudinary.com/image/upload/d_ecommerce:backend-fallback.png/MAT_7188887_PCE_LV",
    "available": true,
    "discount": null
  },
  {
    "shop": "RIMI",
    "categories": [
      1,
      1001,
      1001003
    ],
    "productName": "B.v. Villa Maria Sauvign. Blanc 13,5% 0,75l",
    "productPriceOld": null,
    "productPrice": {
      "value": 17.19,
      "unit": "€/gab"
    },
    "productPricePerUnit": {
      "value": 22.92,
      "unit": "€/l"
    },
    "productPriceWithLoyaltyCard": null,
    "productPricePerUnitWithLoyaltyCard": null,
    "imageUrl": "https://rimibaltic-res.cloudinary.com/image/upload/d_ecommerce:backend-fallback.png/MAT_106169_PCE_LV",
    "available": true,
    "discount": null
  },
  {
    "shop": "RIMI",
    "categories": [
      1,
      1001,
      1001003
    ],
    "productName": "S.v. Castellani Classico Riserva 13% 0,75l",
    "productPriceOld": null,
    "productPrice": {
      "value": 17.19,
      "unit": "€/gab"
    },
    "productPricePerUnit": {
      "value": 22.92,
      "unit": "€/l"
    },
    "productPriceWithLoyaltyCard": null,
    "productPricePerUnitWithLoyaltyCard": null,
    "imageUrl": "https://rimibaltic-res.cloudinary.com/image/upload/d_ecommerce:backend-fallback.png/MAT_7034584_PCE_LV",
    "available": true,
    "discount": null
  },
  {
    "shop": "MAXIMA",
    "categories": [
      1,
      1001,
      1001004
    ],
    "productName": "Dz.v. BLASON ROUGE CREMANT 12,5% 0,75L",
    "productPriceOld": null,
    "productPrice": {
      "value": 17.19,
      "unit": "€"
    },
    "productPricePerUnit": {
      "value": 22.92,
      "unit": "€/l"
    },
    "productPriceWithLoyaltyCard": null,
    "productPricePerUnitWithLoyaltyCard": null,
    "imageUrl": "https://cdn.barbora.lv/products/c437ca8a-91e9-453e-a856-e57a98748317_s.png",
    "available": true,
    "discount": null
  },
  {
    "shop": "RIMI",
    "categories": [
      1,
      1001,
      1001009
    ],
    "productName": "Viskijs Scottish Leader 40% 0,2l",
    "productPriceOld": null,
    "productPrice": {
      "value": 6.15,
      "unit": "€/gab"
    },
    "productPricePerUnit": {
      "value": 30.75,
      "unit": "€/l"
    },
    "productPriceWithLoyaltyCard": {
      "value": 4.59,
      "unit": "€"
    },
    "productPricePerUnitWithLoyaltyCard": {
      "value": 22.95,
      "unit": "€/l"
    },
    "imageUrl": "https://rimibaltic-res.cloudinary.com/image/upload/d_ecommerce:backend-fallback.png/MAT_556730_PCE_LV",
    "available": true,
    "discount": 25
  },
  {
    "shop": "MAXIMA",
    "categories": [
      1,
      1001,
      1001003
    ],
    "productName": "Vīns VILLA MARIA Sauv.Blanc 12,5% 0,75L",
    "productPriceOld": null,
    "productPrice": {
      "value": 17.21,
      "unit": "€"
    },
    "productPricePerUnit": {
      "value": 22.95,
      "unit": "€/l"
    },
    "productPriceWithLoyaltyCard": null,
    "productPricePerUnitWithLoyaltyCard": null,
    "imageUrl": "https://cdn.barbora.lv/products/a4939684-46d6-4a51-9b35-be62846ee51e_s.png",
    "available": true,
    "discount": null
  },
  {
    "shop": "MAXIMA",
    "categories": [
      1,
      1001,
      1001007
    ],
    "productName": "Rums POTT 40% 0,7L",
    "productPriceOld": null,
    "productPrice": {
      "value": 16.08,
      "unit": "€"
    },
    "productPricePerUnit": {
      "value": 22.97,
      "unit": "€/l"
    },
    "productPriceWithLoyaltyCard": null,
    "productPricePerUnitWithLoyaltyCard": null,
    "imageUrl": "https://cdn.barbora.lv/products/f135977a-4d93-47dc-83c6-a7e54fa72d65_s.png",
    "available": true,
    "discount": null
  },
  {
    "shop": "MAXIMA",
    "categories": [
      1,
      1001,
      1001007
    ],
    "productName": "Rums CARIBBA NEGRO 37,5% 0,7l",
    "productPriceOld": null,
    "productPrice": {
      "value": 16.08,
      "unit": "€"
    },
    "productPricePerUnit": {
      "value": 22.97,
      "unit": "€/l"
    },
    "productPriceWithLoyaltyCard": null,
    "productPricePerUnitWithLoyaltyCard": null,
    "imageUrl": "https://cdn.barbora.lv/products/344c5f13-578b-4128-82c4-8c8004bf086d_s.png",
    "available": true,
    "discount": null
  },
  {
    "shop": "MAXIMA",
    "categories": [
      1,
      1001,
      10010010
    ],
    "productName": "Brendijs J.P.CHENET VSOP 36% 0,5L",
    "productPriceOld": {
      "value": 14.09,
      "unit": "€"
    },
    "productPrice": {
      "value": 14.09,
      "unit": "€"
    },
    "productPricePerUnit": {
      "value": 28.18,
      "unit": "€/l"
    },
    "productPriceWithLoyaltyCard": {
      "value": 11.49,
      "unit": "€"
    },
    "productPricePerUnitWithLoyaltyCard": {
      "value": 22.98,
      "unit": "€/l"
    },
    "imageUrl": "https://cdn.barbora.lv/products/767283ea-b9bb-45ec-80e3-974938dbc102_s.png",
    "available": true,
    "discount": 18
  },
  {
    "shop": "MAXIMA",
    "categories": [
      1,
      1001,
      10010019
    ],
    "productName": "Stipr.alk.dzēriens CASINO 50% 0,5L",
    "productPriceOld": {
      "value": 14.97,
      "unit": "€"
    },
    "productPrice": {
      "value": 11.49,
      "unit": "€"
    },
    "productPricePerUnit": {
      "value": 22.98,
      "unit": "€/l"
    },
    "productPriceWithLoyaltyCard": null,
    "productPricePerUnitWithLoyaltyCard": null,
    "imageUrl": "https://cdn.barbora.lv/products/24918cd8-408a-4376-9ea1-94907aee30f8_s.png",
    "available": true,
    "discount": 23
  },
  {
    "shop": "CITRO",
    "categories": [
      1,
      1001,
      10010014
    ],
    "productName": "BALZAMS RIGA BLACK BALSAM CURRANT 30% 0.5L PET",
    "productPriceOld": {
      "value": 12.99,
      "unit": "€"
    },
    "productPrice": {
      "value": 11.49,
      "unit": "€"
    },
    "productPricePerUnit": {
      "value": 22.98,
      "unit": "€/L"
    },
    "productPriceWithLoyaltyCard": null,
    "productPricePerUnitWithLoyaltyCard": null,
    "imageUrl": "https://rezekne.citro.lv/wp-content/uploads/2024/11/4750021011979-300x300.jpg",
    "available": true,
    "discount": 12
  },
  {
    "shop": "RIMI",
    "categories": [
      1,
      1001,
      10010016
    ],
    "productName": "Degvīns Ice Palace 40% 1l",
    "productPriceOld": null,
    "productPrice": {
      "value": 22.99,
      "unit": "€/gab"
    },
    "productPricePerUnit": {
      "value": 22.99,
      "unit": "€/l"
    },
    "productPriceWithLoyaltyCard": null,
    "productPricePerUnitWithLoyaltyCard": null,
    "imageUrl": "https://rimibaltic-res.cloudinary.com/image/upload/d_ecommerce:backend-fallback.png/MAT_7298183_PCE_LV",
    "available": true,
    "discount": null
  },
  {
    "shop": "RIMI",
    "categories": [
      1,
      1001,
      10010014
    ],
    "productName": "Balzams Rīgas Melnais upeņu 30% 1l",
    "productPriceOld": null,
    "productPrice": {
      "value": 28.45,
      "unit": "€/gab"
    },
    "productPricePerUnit": {
      "value": 28.45,
      "unit": "€/l"
    },
    "productPriceWithLoyaltyCard": {
      "value": 22.99,
      "unit": "€"
    },
    "productPricePerUnitWithLoyaltyCard": {
      "value": 22.99,
      "unit": "€/l"
    },
    "imageUrl": "https://rimibaltic-res.cloudinary.com/image/upload/d_ecommerce:backend-fallback.png/MAT_7069844_PCE_LV",
    "available": true,
    "discount": 19
  },
  {
    "shop": "RIMI",
    "categories": [
      1,
      1001,
      10010014
    ],
    "productName": "Balzams Rīgas Melnais 45% 1l",
    "productPriceOld": null,
    "productPrice": {
      "value": 28.69,
      "unit": "€/gab"
    },
    "productPricePerUnit": {
      "value": 28.69,
      "unit": "€/l"
    },
    "productPriceWithLoyaltyCard": {
      "value": 22.99,
      "unit": "€"
    },
    "productPricePerUnitWithLoyaltyCard": {
      "value": 22.99,
      "unit": "€/l"
    },
    "imageUrl": "https://rimibaltic-res.cloudinary.com/image/upload/d_ecommerce:backend-fallback.png/MAT_107992_PCE_LV",
    "available": true,
    "discount": 20
  },
  {
    "shop": "RIMI",
    "categories": [
      2,
      2001,
      20010015
    ],
    "productName": "Ķiploku grauzdiņi 130g",
    "productPriceOld": null,
    "productPrice": {
      "value": 2.99,
      "unit": "€/gab"
    },
    "productPricePerUnit": {
      "value": 23,
      "unit": "€/kg"
    },
    "productPriceWithLoyaltyCard": null,
    "productPricePerUnitWithLoyaltyCard": null,
    "imageUrl": "https://rimibaltic-res.cloudinary.com/image/upload/d_ecommerce:backend-fallback.png/MAT_968464_PCE_LV",
    "available": true,
    "discount": null
  },
  {
    "shop": "RIMI",
    "categories": [
      1,
      1001,
      1001003
    ],
    "productName": "S.v. Codici Primit. Appassimento 14,5% 0,75l",
    "productPriceOld": null,
    "productPrice": {
      "value": 17.25,
      "unit": "€/gab"
    },
    "productPricePerUnit": {
      "value": 23,
      "unit": "€/l"
    },
    "productPriceWithLoyaltyCard": null,
    "productPricePerUnitWithLoyaltyCard": null,
    "imageUrl": "https://rimibaltic-res.cloudinary.com/image/upload/d_ecommerce:backend-fallback.png/MAT_7201507_PCE_LV",
    "available": true,
    "discount": null
  },
  {
    "shop": "RIMI",
    "categories": [
      1,
      1001,
      1001003
    ],
    "productName": "S.v. Grimaldi Nebbiolo sauss 14% 0,75l",
    "productPriceOld": null,
    "productPrice": {
      "value": 17.25,
      "unit": "€/gab"
    },
    "productPricePerUnit": {
      "value": 23,
      "unit": "€/l"
    },
    "productPriceWithLoyaltyCard": null,
    "productPricePerUnitWithLoyaltyCard": null,
    "imageUrl": "https://rimibaltic-res.cloudinary.com/image/upload/d_ecommerce:backend-fallback.png/MAT_7299274_PCE_LV",
    "available": true,
    "discount": null
  },
  {
    "shop": "RIMI",
    "categories": [
      1,
      1001,
      1001003
    ],
    "productName": "Zilver aveņu vīns pussalds 12% 0.75L",
    "productPriceOld": null,
    "productPrice": {
      "value": 17.29,
      "unit": "€/gab"
    },
    "productPricePerUnit": {
      "value": 23.05,
      "unit": "€/l"
    },
    "productPriceWithLoyaltyCard": null,
    "productPricePerUnitWithLoyaltyCard": null,
    "imageUrl": "https://rimibaltic-res.cloudinary.com/image/upload/d_ecommerce:backend-fallback.png/MAT_7110235_PCE_LV",
    "available": true,
    "discount": null
  },
  {
    "shop": "MAXIMA",
    "categories": [
      1,
      1001,
      1001003
    ],
    "productName": "Vīns VENTISQUERO Grey Sauvignon Blanc 13% 0,75L",
    "productPriceOld": null,
    "productPrice": {
      "value": 17.29,
      "unit": "€"
    },
    "productPricePerUnit": {
      "value": 23.05,
      "unit": "€/l"
    },
    "productPriceWithLoyaltyCard": null,
    "productPricePerUnitWithLoyaltyCard": null,
    "imageUrl": "https://cdn.barbora.lv/products/881812c7-af74-408b-a181-6adcb8f33b42_s.png",
    "available": true,
    "discount": null
  },
  {
    "shop": "CITRO",
    "categories": [
      2,
      2001,
      20010015
    ],
    "productName": "GALETES TAUTAS KUKUR. AR MANGO GARŠ. GLAZŪRU 95G",
    "productPriceOld": null,
    "productPrice": null,
    "productPricePerUnit": {
      "value": 23.05,
      "unit": "€/KG"
    },
    "productPriceWithLoyaltyCard": null,
    "productPricePerUnitWithLoyaltyCard": null,
    "imageUrl": "https://rezekne.citro.lv/wp-content/uploads/2021/07/4750133730096-300x300.jpg",
    "available": true,
    "discount": null
  },
  {
    "shop": "CITRO",
    "categories": [
      2,
      2001,
      20010015
    ],
    "productName": "GALETES TAUTAS KVIEŠU AR ZEMEŅU GLAZŪRU 95G",
    "productPriceOld": null,
    "productPrice": null,
    "productPricePerUnit": {
      "value": 23.05,
      "unit": "€/KG"
    },
    "productPriceWithLoyaltyCard": null,
    "productPricePerUnitWithLoyaltyCard": null,
    "imageUrl": "https://rezekne.citro.lv/wp-content/uploads/2021/07/4750133730089-300x300.jpg",
    "available": true,
    "discount": null
  },
  {
    "shop": "RIMI",
    "categories": [
      1,
      1001,
      10010011
    ],
    "productName": "Tekila Agavita Blanco 38%, 0,7l",
    "productPriceOld": null,
    "productPrice": {
      "value": 16.15,
      "unit": "€/gab"
    },
    "productPricePerUnit": {
      "value": 23.07,
      "unit": "€/l"
    },
    "productPriceWithLoyaltyCard": null,
    "productPricePerUnitWithLoyaltyCard": null,
    "imageUrl": "https://rimibaltic-res.cloudinary.com/image/upload/d_ecommerce:backend-fallback.png/MAT_456867_PCE_LV",
    "available": true,
    "discount": null
  },
  {
    "shop": "MAXIMA",
    "categories": [
      1,
      1001,
      10010016
    ],
    "productName": "Degvīns VOZDUH 40% 0,5L",
    "productPriceOld": null,
    "productPrice": {
      "value": 11.55,
      "unit": "€"
    },
    "productPricePerUnit": {
      "value": 23.1,
      "unit": "€/l"
    },
    "productPriceWithLoyaltyCard": null,
    "productPricePerUnitWithLoyaltyCard": null,
    "imageUrl": "https://cdn.barbora.lv/products/2d975371-2906-4674-bdea-e5259c246acb_s.png",
    "available": true,
    "discount": null
  },
  {
    "shop": "MAXIMA",
    "categories": [
      1,
      1001,
      10010016
    ],
    "productName": "Degvīns VOZDUH Alpha 40% 0,5L",
    "productPriceOld": null,
    "productPrice": {
      "value": 11.55,
      "unit": "€"
    },
    "productPricePerUnit": {
      "value": 23.1,
      "unit": "€/l"
    },
    "productPriceWithLoyaltyCard": null,
    "productPricePerUnitWithLoyaltyCard": null,
    "imageUrl": "https://cdn.barbora.lv/products/d4747de3-f6b7-4798-9775-dc690a8332fd_s.png",
    "available": true,
    "discount": null
  },
  {
    "shop": "MAXIMA",
    "categories": [
      1,
      1001,
      10010016
    ],
    "productName": "Aromat. degvīns VOZDUH Natural 40% 0,5L",
    "productPriceOld": null,
    "productPrice": {
      "value": 11.55,
      "unit": "€"
    },
    "productPricePerUnit": {
      "value": 23.1,
      "unit": "€/l"
    },
    "productPriceWithLoyaltyCard": null,
    "productPricePerUnitWithLoyaltyCard": null,
    "imageUrl": "https://cdn.barbora.lv/products/599e7b67-4f5f-4f69-acdf-8d07ce862b5a_s.png",
    "available": true,
    "discount": null
  },
  {
    "shop": "MAXIMA",
    "categories": [
      1,
      1001,
      1001009
    ],
    "productName": "Viskijs GRANT'S 40% 0,7l",
    "productPriceOld": null,
    "productPrice": {
      "value": 16.18,
      "unit": "€"
    },
    "productPricePerUnit": {
      "value": 23.11,
      "unit": "€/l"
    },
    "productPriceWithLoyaltyCard": null,
    "productPricePerUnitWithLoyaltyCard": null,
    "imageUrl": "https://cdn.barbora.lv/products/59b53446-04ee-404f-ad19-d5e985521c57_s.png",
    "available": true,
    "discount": null
  },
  {
    "shop": "MAXIMA",
    "categories": [
      1,
      1001,
      1001003
    ],
    "productName": "Vīns B&G Vouvray 11,5% 0,75L",
    "productPriceOld": null,
    "productPrice": {
      "value": 17.35,
      "unit": "€"
    },
    "productPricePerUnit": {
      "value": 23.13,
      "unit": "€/l"
    },
    "productPriceWithLoyaltyCard": null,
    "productPricePerUnitWithLoyaltyCard": null,
    "imageUrl": "https://cdn.barbora.lv/products/d4ad90ee-47e6-4435-b72c-325295f04489_s.png",
    "available": true,
    "discount": null
  },
  {
    "shop": "MAXIMA",
    "categories": [
      1,
      1001,
      10010013
    ],
    "productName": "Liķieris XUXU STRAWBERRY VODKA 15% 0,7L",
    "productPriceOld": null,
    "productPrice": {
      "value": 16.19,
      "unit": "€"
    },
    "productPricePerUnit": {
      "value": 23.13,
      "unit": "€/l"
    },
    "productPriceWithLoyaltyCard": null,
    "productPricePerUnitWithLoyaltyCard": null,
    "imageUrl": "https://cdn.barbora.lv/products/3701dccb-280b-4d5b-b8a2-466a8672e90e_s.png",
    "available": true,
    "discount": null
  },
  {
    "shop": "CITRO",
    "categories": [
      2,
      2001,
      20010015
    ],
    "productName": "GROZIŅI PILDĪŠANAI MAZIE 20GAB. 60G",
    "productPriceOld": null,
    "productPrice": null,
    "productPricePerUnit": {
      "value": 23.17,
      "unit": "€/KG"
    },
    "productPriceWithLoyaltyCard": null,
    "productPricePerUnitWithLoyaltyCard": null,
    "imageUrl": "https://rezekne.citro.lv/wp-content/uploads/2021/03/4752158001083-300x300.jpg",
    "available": true,
    "discount": null
  },
  {
    "shop": "RIMI",
    "categories": [
      1,
      1001,
      10010013
    ],
    "productName": "Liķieris Koskenkorva Minttu 35% 0,5l",
    "productPriceOld": null,
    "productPrice": {
      "value": 11.59,
      "unit": "€/gab"
    },
    "productPricePerUnit": {
      "value": 23.18,
      "unit": "€/l"
    },
    "productPriceWithLoyaltyCard": null,
    "productPricePerUnitWithLoyaltyCard": null,
    "imageUrl": "https://rimibaltic-res.cloudinary.com/image/upload/d_ecommerce:backend-fallback.png/MAT_7173149_PCE_LV",
    "available": true,
    "discount": null
  },
  {
    "shop": "MAXIMA",
    "categories": [
      1,
      1001,
      10010013
    ],
    "productName": "Liķieris KOSKENKORVA MINTTU 35% 0,5L",
    "productPriceOld": null,
    "productPrice": {
      "value": 11.59,
      "unit": "€"
    },
    "productPricePerUnit": {
      "value": 23.18,
      "unit": "€/l"
    },
    "productPriceWithLoyaltyCard": null,
    "productPricePerUnitWithLoyaltyCard": null,
    "imageUrl": "https://cdn.barbora.lv/products/cfcbae59-dee6-4f95-8c49-ef4e0fec65e7_s.png",
    "available": true,
    "discount": null
  },
  {
    "shop": "MAXIMA",
    "categories": [
      1,
      1001,
      10010016
    ],
    "productName": "Degvīns HAOMA 40% 0,5L",
    "productPriceOld": null,
    "productPrice": {
      "value": 11.62,
      "unit": "€"
    },
    "productPricePerUnit": {
      "value": 23.24,
      "unit": "€/l"
    },
    "productPriceWithLoyaltyCard": null,
    "productPricePerUnitWithLoyaltyCard": null,
    "imageUrl": "https://cdn.barbora.lv/products/0ffc0cbe-1a57-4931-b5f4-e2c758fbc240_s.png",
    "available": true,
    "discount": null
  },
  {
    "shop": "RIMI",
    "categories": [
      1,
      1001,
      10010013
    ],
    "productName": "Liķieris XUXU Erbeer Strawberry 15% 0,7l",
    "productPriceOld": null,
    "productPrice": {
      "value": 16.29,
      "unit": "€/gab"
    },
    "productPricePerUnit": {
      "value": 23.27,
      "unit": "€/l"
    },
    "productPriceWithLoyaltyCard": null,
    "productPricePerUnitWithLoyaltyCard": null,
    "imageUrl": "https://rimibaltic-res.cloudinary.com/image/upload/d_ecommerce:backend-fallback.png/MAT_7088186_PCE_LV",
    "available": true,
    "discount": null
  },
  {
    "shop": "RIMI",
    "categories": [
      2,
      2009
    ],
    "productName": "Mazie eklēri 300g",
    "productPriceOld": null,
    "productPrice": {
      "value": 6.99,
      "unit": "€/gab"
    },
    "productPricePerUnit": {
      "value": 23.3,
      "unit": "€/kg"
    },
    "productPriceWithLoyaltyCard": null,
    "productPricePerUnitWithLoyaltyCard": null,
    "imageUrl": "https://rimibaltic-res.cloudinary.com/image/upload/d_ecommerce:backend-fallback.png/MAT_907909_PCE_LV",
    "available": true,
    "discount": null
  },
  {
    "shop": "MAXIMA",
    "categories": [
      1,
      1001,
      1001003
    ],
    "productName": "Vīns ZENATO RIPASSO VALPOLICELLA14%0,75L",
    "productPriceOld": {
      "value": 28.29,
      "unit": "€"
    },
    "productPrice": {
      "value": 28.29,
      "unit": "€"
    },
    "productPricePerUnit": {
      "value": 37.72,
      "unit": "€/l"
    },
    "productPriceWithLoyaltyCard": {
      "value": 17.49,
      "unit": "€"
    },
    "productPricePerUnitWithLoyaltyCard": {
      "value": 23.32,
      "unit": "€/l"
    },
    "imageUrl": "https://cdn.barbora.lv/products/7728ff8e-8160-48e6-b206-119ee481ea64_s.png",
    "available": true,
    "discount": 38
  },
  {
    "shop": "MAXIMA",
    "categories": [
      1,
      1001,
      10010010
    ],
    "productName": "Brendijs MAGISTR VSOP GOLD 36% 0,5L",
    "productPriceOld": null,
    "productPrice": {
      "value": 11.69,
      "unit": "€"
    },
    "productPricePerUnit": {
      "value": 23.38,
      "unit": "€/l"
    },
    "productPriceWithLoyaltyCard": null,
    "productPricePerUnitWithLoyaltyCard": null,
    "imageUrl": "https://cdn.barbora.lv/products/67ba881d-d5c3-4195-83d3-d5c8a7111374_s.png",
    "available": true,
    "discount": null
  },
  {
    "shop": "RIMI",
    "categories": [
      1,
      1001,
      10010013
    ],
    "productName": "Liķieris Medus Balzams 32% 0,35l",
    "productPriceOld": null,
    "productPrice": {
      "value": 8.19,
      "unit": "€/gab"
    },
    "productPricePerUnit": {
      "value": 23.4,
      "unit": "€/l"
    },
    "productPriceWithLoyaltyCard": null,
    "productPricePerUnitWithLoyaltyCard": null,
    "imageUrl": "https://rimibaltic-res.cloudinary.com/image/upload/d_ecommerce:backend-fallback.png/MAT_7176882_PCE_LV",
    "available": true,
    "discount": null
  },
  {
    "shop": "MAXIMA",
    "categories": [
      1,
      1001,
      1001003
    ],
    "productName": "Vīns TOMMASI Graticcio Appassimento 13% 0,75L",
    "productPriceOld": null,
    "productPrice": {
      "value": 17.59,
      "unit": "€"
    },
    "productPricePerUnit": {
      "value": 23.45,
      "unit": "€/l"
    },
    "productPriceWithLoyaltyCard": null,
    "productPricePerUnitWithLoyaltyCard": null,
    "imageUrl": "https://cdn.barbora.lv/products/bcc9eab6-6471-4f67-b997-dbc275a83c96_s.png",
    "available": true,
    "discount": null
  },
  {
    "shop": "MAXIMA",
    "categories": [
      1,
      1001,
      1001003
    ],
    "productName": "Vīns TOMMASI ADORATO PARZ. APP.13% 0,75L",
    "productPriceOld": null,
    "productPrice": {
      "value": 17.62,
      "unit": "€"
    },
    "productPricePerUnit": {
      "value": 23.49,
      "unit": "€/l"
    },
    "productPriceWithLoyaltyCard": null,
    "productPricePerUnitWithLoyaltyCard": null,
    "imageUrl": "https://cdn.barbora.lv/products/20f53425-efd7-481a-987a-2fb7372e7692_s.png",
    "available": true,
    "discount": null
  },
  {
    "shop": "MAXIMA",
    "categories": [
      1,
      1001,
      10010013
    ],
    "productName": "Liķieris DE KUYPER PINA COLADA 14% 0,7l",
    "productPriceOld": null,
    "productPrice": {
      "value": 16.45,
      "unit": "€"
    },
    "productPricePerUnit": {
      "value": 23.5,
      "unit": "€/l"
    },
    "productPriceWithLoyaltyCard": null,
    "productPricePerUnitWithLoyaltyCard": null,
    "imageUrl": "https://cdn.barbora.lv/products/2f3f5892-7bc6-41ea-a58b-c27f050cfcb2_s.png",
    "available": true,
    "discount": null
  },
  {
    "shop": "RIMI",
    "categories": [
      1,
      1001,
      1001003
    ],
    "productName": "B.v. Marcel Martin Vouvray 11% 0,75l",
    "productPriceOld": null,
    "productPrice": {
      "value": 17.65,
      "unit": "€/gab"
    },
    "productPricePerUnit": {
      "value": 23.53,
      "unit": "€/l"
    },
    "productPriceWithLoyaltyCard": null,
    "productPricePerUnitWithLoyaltyCard": null,
    "imageUrl": "https://rimibaltic-res.cloudinary.com/image/upload/d_ecommerce:backend-fallback.png/MAT_7220756_PCE_LV",
    "available": true,
    "discount": null
  },
  {
    "shop": "RIMI",
    "categories": [
      1,
      1001,
      1001004
    ],
    "productName": "Dz.v. Abavas Rabarberu 12% 0,75l",
    "productPriceOld": null,
    "productPrice": {
      "value": 17.65,
      "unit": "€/gab"
    },
    "productPricePerUnit": {
      "value": 23.53,
      "unit": "€/l"
    },
    "productPriceWithLoyaltyCard": null,
    "productPricePerUnitWithLoyaltyCard": null,
    "imageUrl": "https://rimibaltic-res.cloudinary.com/image/upload/d_ecommerce:backend-fallback.png/MAT_7143005_PCE_LV",
    "available": true,
    "discount": null
  },
  {
    "shop": "MAXIMA",
    "categories": [
      1,
      1001,
      1001003
    ],
    "productName": "Dzirkstošais vīns ABAVAS Rabarberu 12% 0,75L",
    "productPriceOld": null,
    "productPrice": {
      "value": 17.65,
      "unit": "€"
    },
    "productPricePerUnit": {
      "value": 23.53,
      "unit": "€/l"
    },
    "productPriceWithLoyaltyCard": null,
    "productPricePerUnitWithLoyaltyCard": null,
    "imageUrl": "https://cdn.barbora.lv/products/f4a2c275-3db6-4c71-9289-19ae181ef8d0_s.png",
    "available": true,
    "discount": null
  },
  {
    "shop": "RIMI",
    "categories": [
      1,
      1001,
      10010012
    ],
    "productName": "Džins LB 40% 0,7l",
    "productPriceOld": null,
    "productPrice": {
      "value": 16.49,
      "unit": "€/gab"
    },
    "productPricePerUnit": {
      "value": 23.56,
      "unit": "€/l"
    },
    "productPriceWithLoyaltyCard": null,
    "productPricePerUnitWithLoyaltyCard": null,
    "imageUrl": "https://rimibaltic-res.cloudinary.com/image/upload/d_ecommerce:backend-fallback.png/MAT_460034_PCE_LV",
    "available": true,
    "discount": null
  },
  {
    "shop": "MAXIMA",
    "categories": [
      1,
      1001,
      1001007
    ],
    "productName": "Rums PLANTATION ORIGINAL DARK 40% 0,7l",
    "productPriceOld": {
      "value": 25.31,
      "unit": "€"
    },
    "productPrice": {
      "value": 25.31,
      "unit": "€"
    },
    "productPricePerUnit": {
      "value": 36.16,
      "unit": "€/l"
    },
    "productPriceWithLoyaltyCard": {
      "value": 16.49,
      "unit": "€"
    },
    "productPricePerUnitWithLoyaltyCard": {
      "value": 23.56,
      "unit": "€/l"
    },
    "imageUrl": "https://cdn.barbora.lv/products/7b94ac62-1154-453f-828a-711b3f693113_s.png",
    "available": true,
    "discount": 35
  },
  {
    "shop": "MAXIMA",
    "categories": [
      1,
      1001,
      10010010
    ],
    "productName": "Brendijs BEEHIVE XO 40% 0,7L",
    "productPriceOld": {
      "value": 23.31,
      "unit": "€"
    },
    "productPrice": {
      "value": 23.31,
      "unit": "€"
    },
    "productPricePerUnit": {
      "value": 33.3,
      "unit": "€/l"
    },
    "productPriceWithLoyaltyCard": {
      "value": 16.49,
      "unit": "€"
    },
    "productPricePerUnitWithLoyaltyCard": {
      "value": 23.56,
      "unit": "€/l"
    },
    "imageUrl": "https://cdn.barbora.lv/products/3357ef78-96e1-4bcd-97d9-7c8c851710d5_s.png",
    "available": true,
    "discount": 29
  },
  {
    "shop": "MAXIMA",
    "categories": [
      1,
      1001,
      1001003
    ],
    "productName": "Dzirkstošais vīns PASQUA PROSECCO 11% 0,75L",
    "productPriceOld": null,
    "productPrice": {
      "value": 17.69,
      "unit": "€"
    },
    "productPricePerUnit": {
      "value": 23.59,
      "unit": "€/l"
    },
    "productPriceWithLoyaltyCard": null,
    "productPricePerUnitWithLoyaltyCard": null,
    "imageUrl": "https://cdn.barbora.lv/products/be1bdf51-3637-4ce9-a67f-085886039009_s.png",
    "available": true,
    "discount": null
  },
  {
    "shop": "MAXIMA",
    "categories": [
      1,
      1001,
      1001009
    ],
    "productName": "Viskijs GRANT'S 40% 1l",
    "productPriceOld": null,
    "productPrice": {
      "value": 23.59,
      "unit": "€"
    },
    "productPricePerUnit": {
      "value": 23.59,
      "unit": "€/l"
    },
    "productPriceWithLoyaltyCard": null,
    "productPricePerUnitWithLoyaltyCard": null,
    "imageUrl": "https://cdn.barbora.lv/products/0f0e5c3f-3d03-41ea-83d8-91d78b84b381_s.png",
    "available": true,
    "discount": null
  },
  {
    "shop": "MAXIMA",
    "categories": [
      1,
      1001,
      10010016
    ],
    "productName": "Degvīns MOSKOVSKAYA Silver 40% 0,5L",
    "productPriceOld": null,
    "productPrice": {
      "value": 11.85,
      "unit": "€"
    },
    "productPricePerUnit": {
      "value": 23.7,
      "unit": "€/l"
    },
    "productPriceWithLoyaltyCard": null,
    "productPricePerUnitWithLoyaltyCard": null,
    "imageUrl": "https://cdn.barbora.lv/products/e62ad866-fa09-4af0-80fe-a41931c892b2_s.png",
    "available": true,
    "discount": null
  },
  {
    "shop": "MAXIMA",
    "categories": [
      1,
      1001,
      1001009
    ],
    "productName": "Viskijs SCOTTISH LEADER 40% 1l",
    "productPriceOld": null,
    "productPrice": {
      "value": 23.71,
      "unit": "€"
    },
    "productPricePerUnit": {
      "value": 23.71,
      "unit": "€/l"
    },
    "productPriceWithLoyaltyCard": null,
    "productPricePerUnitWithLoyaltyCard": null,
    "imageUrl": "https://cdn.barbora.lv/products/42158755-10e8-4480-8bfa-f5a13c2a0cdf_s.png",
    "available": true,
    "discount": null
  },
  {
    "shop": "RIMI",
    "categories": [
      1,
      1001,
      10010014
    ],
    "productName": "Balzams Rīgas Melnais upeņu 30% 0,2l",
    "productPriceOld": null,
    "productPrice": {
      "value": 4.75,
      "unit": "€/gab"
    },
    "productPricePerUnit": {
      "value": 23.75,
      "unit": "€/l"
    },
    "productPriceWithLoyaltyCard": null,
    "productPricePerUnitWithLoyaltyCard": null,
    "imageUrl": "https://rimibaltic-res.cloudinary.com/image/upload/d_ecommerce:backend-fallback.png/MAT_7018299_PCE_LV",
    "available": true,
    "discount": null
  },
  {
    "shop": "RIMI",
    "categories": [
      1,
      1001,
      1001009
    ],
    "productName": "Viskijs Black Ram 40% 0,2l",
    "productPriceOld": null,
    "productPrice": {
      "value": 4.75,
      "unit": "€/gab"
    },
    "productPricePerUnit": {
      "value": 23.75,
      "unit": "€/l"
    },
    "productPriceWithLoyaltyCard": null,
    "productPricePerUnitWithLoyaltyCard": null,
    "imageUrl": "https://rimibaltic-res.cloudinary.com/image/upload/d_ecommerce:backend-fallback.png/MAT_7298385_PCE_LV",
    "available": true,
    "discount": null
  },
  {
    "shop": "MAXIMA",
    "categories": [
      1,
      1001,
      10010014
    ],
    "productName": "Balzams RIGA BLACK BALSAM Upeņu 30% 0,2L",
    "productPriceOld": null,
    "productPrice": {
      "value": 4.75,
      "unit": "€"
    },
    "productPricePerUnit": {
      "value": 23.75,
      "unit": "€/l"
    },
    "productPriceWithLoyaltyCard": null,
    "productPricePerUnitWithLoyaltyCard": null,
    "imageUrl": "https://cdn.barbora.lv/products/c4f224b1-1f45-4950-992d-7306143cf0b9_s.png",
    "available": true,
    "discount": null
  },
  {
    "shop": "RIMI",
    "categories": [
      1,
      1001,
      10010012
    ],
    "productName": "Džins Saaremaa 37,5% 0,7l",
    "productPriceOld": null,
    "productPrice": {
      "value": 16.65,
      "unit": "€/gab"
    },
    "productPricePerUnit": {
      "value": 23.79,
      "unit": "€/l"
    },
    "productPriceWithLoyaltyCard": null,
    "productPricePerUnitWithLoyaltyCard": null,
    "imageUrl": "https://rimibaltic-res.cloudinary.com/image/upload/d_ecommerce:backend-fallback.png/MAT_7204526_PCE_LV",
    "available": true,
    "discount": null
  },
  {
    "shop": "RIMI",
    "categories": [
      1,
      1001,
      10010012
    ],
    "productName": "Džins Saaremaa 37,5% 0,7l",
    "productPriceOld": null,
    "productPrice": {
      "value": 16.65,
      "unit": "€/gab"
    },
    "productPricePerUnit": {
      "value": 23.79,
      "unit": "€/l"
    },
    "productPriceWithLoyaltyCard": null,
    "productPricePerUnitWithLoyaltyCard": null,
    "imageUrl": "https://rimibaltic-res.cloudinary.com/image/upload/d_ecommerce:backend-fallback.png/MAT_7204526_PCE_LV",
    "available": true,
    "discount": null
  },
  {
    "shop": "MAXIMA",
    "categories": [
      1,
      1001,
      10010012
    ],
    "productName": "Džins SAAREMAA 37,5% 0,7L",
    "productPriceOld": null,
    "productPrice": {
      "value": 16.65,
      "unit": "€"
    },
    "productPricePerUnit": {
      "value": 23.79,
      "unit": "€/l"
    },
    "productPriceWithLoyaltyCard": null,
    "productPricePerUnitWithLoyaltyCard": null,
    "imageUrl": "https://cdn.barbora.lv/products/106c0ad3-4392-4435-8711-864f410c0334_s.png",
    "available": true,
    "discount": null
  },
  {
    "shop": "MAXIMA",
    "categories": [
      1,
      1001,
      10010013
    ],
    "productName": "Liķieris JAGERMEISTER 35% 1l",
    "productPriceOld": null,
    "productPrice": {
      "value": 23.84,
      "unit": "€"
    },
    "productPricePerUnit": {
      "value": 23.84,
      "unit": "€/l"
    },
    "productPriceWithLoyaltyCard": null,
    "productPricePerUnitWithLoyaltyCard": null,
    "imageUrl": "https://cdn.barbora.lv/products/be75359f-6b71-43e1-878f-d3e8ca9daf2c_s.png",
    "available": true,
    "discount": null
  },
  {
    "shop": "CITRO",
    "categories": [
      1,
      1001,
      1001009
    ],
    "productName": "VISKIJS GRANT`S FAMILY RESERVE + GLĀZE 40% 0.7L",
    "productPriceOld": null,
    "productPrice": null,
    "productPricePerUnit": {
      "value": 23.84,
      "unit": "€/L"
    },
    "productPriceWithLoyaltyCard": null,
    "productPricePerUnitWithLoyaltyCard": null,
    "imageUrl": "https://rezekne.citro.lv/wp-content/uploads/2021/05/5010327000046-300x300.jpg",
    "available": true,
    "discount": null
  },
  {
    "shop": "RIMI",
    "categories": [
      1,
      1001,
      1001004
    ],
    "productName": "Dz.v. La Gioiosa Prosecco 11% 0,75l",
    "productPriceOld": null,
    "productPrice": {
      "value": 17.89,
      "unit": "€/gab"
    },
    "productPricePerUnit": {
      "value": 23.85,
      "unit": "€/l"
    },
    "productPriceWithLoyaltyCard": null,
    "productPricePerUnitWithLoyaltyCard": null,
    "imageUrl": "https://rimibaltic-res.cloudinary.com/image/upload/d_ecommerce:backend-fallback.png/MAT_7211499_PCE_LV",
    "available": true,
    "discount": null
  },
  {
    "shop": "RIMI",
    "categories": [
      1,
      1001,
      10010013
    ],
    "productName": "Liķieris Jagermeister 35% 1l",
    "productPriceOld": null,
    "productPrice": {
      "value": 23.95,
      "unit": "€/gab"
    },
    "productPricePerUnit": {
      "value": 23.95,
      "unit": "€/l"
    },
    "productPriceWithLoyaltyCard": null,
    "productPricePerUnitWithLoyaltyCard": null,
    "imageUrl": "https://rimibaltic-res.cloudinary.com/image/upload/d_ecommerce:backend-fallback.png/MAT_102185_PCE_LV",
    "available": true,
    "discount": null
  },
  {
    "shop": "RIMI",
    "categories": [
      1,
      1001,
      10010012
    ],
    "productName": "Džins Beefeater 40% 0,5l",
    "productPriceOld": null,
    "productPrice": {
      "value": 11.99,
      "unit": "€/gab"
    },
    "productPricePerUnit": {
      "value": 23.98,
      "unit": "€/l"
    },
    "productPriceWithLoyaltyCard": null,
    "productPricePerUnitWithLoyaltyCard": null,
    "imageUrl": "https://rimibaltic-res.cloudinary.com/image/upload/d_ecommerce:backend-fallback.png/MAT_102073_PCE_LV",
    "available": true,
    "discount": null
  },
  {
    "shop": "RIMI",
    "categories": [
      1,
      1001,
      10010010
    ],
    "productName": "Brendijs J.P. Chenet Vsop 36% 0,5l",
    "productPriceOld": null,
    "productPrice": {
      "value": 14.95,
      "unit": "€/gab"
    },
    "productPricePerUnit": {
      "value": 29.9,
      "unit": "€/l"
    },
    "productPriceWithLoyaltyCard": {
      "value": 11.99,
      "unit": "€"
    },
    "productPricePerUnitWithLoyaltyCard": {
      "value": 23.98,
      "unit": "€/l"
    },
    "imageUrl": "https://rimibaltic-res.cloudinary.com/image/upload/d_ecommerce:backend-fallback.png/MAT_7000189_PCE_LV",
    "available": true,
    "discount": 20
  },
  {
    "shop": "RIMI",
    "categories": [
      1,
      1001,
      10010019
    ],
    "productName": "Stiprs alk. dzēr. Casino Superior 50% 0,5l",
    "productPriceOld": null,
    "productPrice": {
      "value": 15.15,
      "unit": "€/gab"
    },
    "productPricePerUnit": {
      "value": 30.3,
      "unit": "€/l"
    },
    "productPriceWithLoyaltyCard": {
      "value": 11.99,
      "unit": "€"
    },
    "productPricePerUnitWithLoyaltyCard": {
      "value": 23.98,
      "unit": "€/l"
    },
    "imageUrl": "https://rimibaltic-res.cloudinary.com/image/upload/d_ecommerce:backend-fallback.png/MAT_104733_PCE_LV",
    "available": true,
    "discount": 21
  },
  {
    "shop": "CITRO",
    "categories": [
      1,
      1001,
      1001009
    ],
    "productName": "VISKIJS BLACK RAM 40% 0.5L",
    "productPriceOld": null,
    "productPrice": null,
    "productPricePerUnit": {
      "value": 23.98,
      "unit": "€/L"
    },
    "productPriceWithLoyaltyCard": null,
    "productPricePerUnitWithLoyaltyCard": null,
    "imageUrl": "https://rezekne.citro.lv/wp-content/uploads/2020/12/3800032050090-300x300.jpg",
    "available": true,
    "discount": null
  },
  {
    "shop": "RIMI",
    "categories": [
      1,
      1001,
      1001004
    ],
    "productName": "Dz. v. Blason Rouge Cremant Rose 12% 0,75l",
    "productPriceOld": null,
    "productPrice": {
      "value": 17.99,
      "unit": "€/gab"
    },
    "productPricePerUnit": {
      "value": 23.99,
      "unit": "€/l"
    },
    "productPriceWithLoyaltyCard": null,
    "productPricePerUnitWithLoyaltyCard": null,
    "imageUrl": "https://rimibaltic-res.cloudinary.com/image/upload/d_ecommerce:backend-fallback.png/MAT_7295452_PCE_LV",
    "available": true,
    "discount": null
  },
  {
    "shop": "MAXIMA",
    "categories": [
      1,
      1001,
      1001003
    ],
    "productName": "Dzirkstošais vīns BOTTEGA Gold Prosecco  11%0,75L",
    "productPriceOld": {
      "value": 26.16,
      "unit": "€"
    },
    "productPrice": {
      "value": 26.16,
      "unit": "€"
    },
    "productPricePerUnit": {
      "value": 34.88,
      "unit": "€/l"
    },
    "productPriceWithLoyaltyCard": {
      "value": 17.99,
      "unit": "€"
    },
    "productPricePerUnitWithLoyaltyCard": {
      "value": 23.99,
      "unit": "€/l"
    },
    "imageUrl": "https://cdn.barbora.lv/products/734a3d96-d2be-4f66-9b91-43634d34648d_s.png",
    "available": true,
    "discount": 31
  },
  {
    "shop": "MAXIMA",
    "categories": [
      1,
      1001,
      1001003
    ],
    "productName": "Vīns TORRE DEL FALASCO AMARONE 15% 0,75L",
    "productPriceOld": {
      "value": 28.38,
      "unit": "€"
    },
    "productPrice": {
      "value": 28.38,
      "unit": "€"
    },
    "productPricePerUnit": {
      "value": 37.84,
      "unit": "€/l"
    },
    "productPriceWithLoyaltyCard": {
      "value": 17.99,
      "unit": "€"
    },
    "productPricePerUnitWithLoyaltyCard": {
      "value": 23.99,
      "unit": "€/l"
    },
    "imageUrl": "https://cdn.barbora.lv/products/b88bce13-a0c7-4b17-a603-217ca049402e_s.png",
    "available": true,
    "discount": 37
  },
  {
    "shop": "CITRO",
    "categories": [
      1,
      1001,
      1001007
    ],
    "productName": "RUMS BACARDI OAKHEART ORIGINAL SPICED 32.5% 1L",
    "productPriceOld": null,
    "productPrice": null,
    "productPricePerUnit": {
      "value": 23.99,
      "unit": "€/L"
    },
    "productPriceWithLoyaltyCard": null,
    "productPricePerUnitWithLoyaltyCard": null,
    "imageUrl": "https://rezekne.citro.lv/wp-content/uploads/2024/02/7610113025451-300x300.jpg",
    "available": true,
    "discount": null
  },
  {
    "shop": "CITRO",
    "categories": [
      1,
      1001,
      10010013
    ],
    "productName": "LIĶIERIS JAGERMEISTER 35% 1L",
    "productPriceOld": null,
    "productPrice": null,
    "productPricePerUnit": {
      "value": 23.99,
      "unit": "€/L"
    },
    "productPriceWithLoyaltyCard": null,
    "productPricePerUnitWithLoyaltyCard": null,
    "imageUrl": "https://rezekne.citro.lv/wp-content/uploads/2021/06/4067700014535-300x300.jpg",
    "available": true,
    "discount": null
  },
  {
    "shop": "RIMI",
    "categories": [
      1,
      1001,
      10010016
    ],
    "productName": "Degvīns Zernoff Silver 40% 0,7l",
    "productPriceOld": null,
    "productPrice": {
      "value": 16.85,
      "unit": "€/gab"
    },
    "productPricePerUnit": {
      "value": 24.07,
      "unit": "€/l"
    },
    "productPriceWithLoyaltyCard": null,
    "productPricePerUnitWithLoyaltyCard": null,
    "imageUrl": "https://rimibaltic-res.cloudinary.com/image/upload/d_ecommerce:backend-fallback.png/MAT_7281031_PCE_LV",
    "available": true,
    "discount": null
  },
  {
    "shop": "RIMI",
    "categories": [
      1,
      1001,
      10010016
    ],
    "productName": "Degvīns Zernoff Original 40% 0,7l",
    "productPriceOld": null,
    "productPrice": {
      "value": 16.85,
      "unit": "€/gab"
    },
    "productPricePerUnit": {
      "value": 24.07,
      "unit": "€/l"
    },
    "productPriceWithLoyaltyCard": null,
    "productPricePerUnitWithLoyaltyCard": null,
    "imageUrl": "https://rimibaltic-res.cloudinary.com/image/upload/d_ecommerce:backend-fallback.png/MAT_7281032_PCE_LV",
    "available": true,
    "discount": null
  },
  {
    "shop": "RIMI",
    "categories": [
      1,
      1001,
      10010016
    ],
    "productName": "Degvīns Zubrowka Bison 37,5% 0,5l",
    "productPriceOld": null,
    "productPrice": {
      "value": 12.05,
      "unit": "€/gab"
    },
    "productPricePerUnit": {
      "value": 24.1,
      "unit": "€/l"
    },
    "productPriceWithLoyaltyCard": null,
    "productPricePerUnitWithLoyaltyCard": null,
    "imageUrl": "https://rimibaltic-res.cloudinary.com/image/upload/d_ecommerce:backend-fallback.png/MAT_7165070_PCE_LV",
    "available": true,
    "discount": null
  },
  {
    "shop": "MAXIMA",
    "categories": [
      2,
      2001,
      20010015
    ],
    "productName": "Groziņi pildīšanai mazie 20gab 60g",
    "productPriceOld": null,
    "productPrice": {
      "value": 1.45,
      "unit": "€"
    },
    "productPricePerUnit": {
      "value": 24.17,
      "unit": "€/kg"
    },
    "productPriceWithLoyaltyCard": null,
    "productPricePerUnitWithLoyaltyCard": null,
    "imageUrl": "https://cdn.barbora.lv/products/99e8b5c6-eae8-40a0-a8cd-424a1cb40294_s.png",
    "available": true,
    "discount": null
  },
  {
    "shop": "RIMI",
    "categories": [
      1,
      1001,
      10010016
    ],
    "productName": "Degvīns Zubrowka Biala 40% 0,5l",
    "productPriceOld": null,
    "productPrice": {
      "value": 12.09,
      "unit": "€/gab"
    },
    "productPricePerUnit": {
      "value": 24.18,
      "unit": "€/l"
    },
    "productPriceWithLoyaltyCard": null,
    "productPricePerUnitWithLoyaltyCard": null,
    "imageUrl": "https://rimibaltic-res.cloudinary.com/image/upload/d_ecommerce:backend-fallback.png/MAT_7165060_PCE_LV",
    "available": true,
    "discount": null
  },
  {
    "shop": "RIMI",
    "categories": [
      1,
      1001,
      1001009
    ],
    "productName": "Viskijs Grants 40% 1l",
    "productPriceOld": null,
    "productPrice": {
      "value": 24.19,
      "unit": "€/gab"
    },
    "productPricePerUnit": {
      "value": 24.19,
      "unit": "€/l"
    },
    "productPriceWithLoyaltyCard": null,
    "productPricePerUnitWithLoyaltyCard": null,
    "imageUrl": "https://rimibaltic-res.cloudinary.com/image/upload/d_ecommerce:backend-fallback.png/MAT_678949_PCE_LV",
    "available": true,
    "discount": null
  },
  {
    "shop": "RIMI",
    "categories": [
      1,
      1001,
      10010010
    ],
    "productName": "Brendijs Ararat 3* 40% 0,7l",
    "productPriceOld": null,
    "productPrice": {
      "value": 21.45,
      "unit": "€/gab"
    },
    "productPricePerUnit": {
      "value": 30.64,
      "unit": "€/l"
    },
    "productPriceWithLoyaltyCard": {
      "value": 16.99,
      "unit": "€"
    },
    "productPricePerUnitWithLoyaltyCard": {
      "value": 24.27,
      "unit": "€/l"
    },
    "imageUrl": "https://rimibaltic-res.cloudinary.com/image/upload/d_ecommerce:backend-fallback.png/MAT_797210_PCE_LV",
    "available": true,
    "discount": 21
  },
  {
    "shop": "RIMI",
    "categories": [
      1,
      1001,
      1001009
    ],
    "productName": "Viskijs Jameson 40% 0,7l",
    "productPriceOld": null,
    "productPrice": {
      "value": 27.45,
      "unit": "€/gab"
    },
    "productPricePerUnit": {
      "value": 39.21,
      "unit": "€/l"
    },
    "productPriceWithLoyaltyCard": {
      "value": 16.99,
      "unit": "€"
    },
    "productPricePerUnitWithLoyaltyCard": {
      "value": 24.27,
      "unit": "€/l"
    },
    "imageUrl": "https://rimibaltic-res.cloudinary.com/image/upload/d_ecommerce:backend-fallback.png/MAT_104612_PCE_LV",
    "available": true,
    "discount": 38
  },
  {
    "shop": "RIMI",
    "categories": [
      1,
      1001,
      10010012
    ],
    "productName": "Džins Beefeater persiku,aveņu 37,5% 0,7l",
    "productPriceOld": null,
    "productPrice": {
      "value": 26.99,
      "unit": "€/gab"
    },
    "productPricePerUnit": {
      "value": 38.56,
      "unit": "€/l"
    },
    "productPriceWithLoyaltyCard": {
      "value": 16.99,
      "unit": "€"
    },
    "productPricePerUnitWithLoyaltyCard": {
      "value": 24.27,
      "unit": "€/l"
    },
    "imageUrl": "https://rimibaltic-res.cloudinary.com/image/upload/d_ecommerce:backend-fallback.png/MAT_7298178_PCE_LV",
    "available": true,
    "discount": 37
  },
  {
    "shop": "MAXIMA",
    "categories": [
      1,
      1001,
      1001009
    ],
    "productName": "Viskijs SIR EDWARDS 40% 0,7L",
    "productPriceOld": null,
    "productPrice": {
      "value": 16.99,
      "unit": "€"
    },
    "productPricePerUnit": {
      "value": 24.27,
      "unit": "€/l"
    },
    "productPriceWithLoyaltyCard": null,
    "productPricePerUnitWithLoyaltyCard": null,
    "imageUrl": "https://cdn.barbora.lv/products/33350071-b5d1-4d21-9778-280b5e445209_s.png",
    "available": true,
    "discount": null
  },
  {
    "shop": "MAXIMA",
    "categories": [
      1,
      1001,
      10010016
    ],
    "productName": "Degvīns RIGA BLACK VODKA 40% 0,7L",
    "productPriceOld": null,
    "productPrice": {
      "value": 16.99,
      "unit": "€"
    },
    "productPricePerUnit": {
      "value": 24.27,
      "unit": "€/l"
    },
    "productPriceWithLoyaltyCard": null,
    "productPricePerUnitWithLoyaltyCard": null,
    "imageUrl": "https://cdn.barbora.lv/products/52c45f07-6673-418e-b599-4f44016353e4_s.png",
    "available": true,
    "discount": null
  },
  {
    "shop": "MAXIMA",
    "categories": [
      1,
      1001,
      10010016
    ],
    "productName": "Degvīns NEMIROFF DeLuxe  40% 0,7L",
    "productPriceOld": {
      "value": 24.31,
      "unit": "€"
    },
    "productPrice": {
      "value": 16.99,
      "unit": "€"
    },
    "productPricePerUnit": {
      "value": 24.27,
      "unit": "€/l"
    },
    "productPriceWithLoyaltyCard": null,
    "productPricePerUnitWithLoyaltyCard": null,
    "imageUrl": "https://cdn.barbora.lv/products/67aa92c5-67b7-4267-a935-1a6b42c0299a_s.png",
    "available": true,
    "discount": 30
  },
  {
    "shop": "CITRO",
    "categories": [
      1,
      1001,
      10010010
    ],
    "productName": "BRENDIJS TORRES 5 38% 0.7L",
    "productPriceOld": null,
    "productPrice": null,
    "productPricePerUnit": {
      "value": 24.27,
      "unit": "€/L"
    },
    "productPriceWithLoyaltyCard": null,
    "productPricePerUnitWithLoyaltyCard": null,
    "imageUrl": "https://rezekne.citro.lv/wp-content/uploads/2022/12/8410113000019-300x300.jpg",
    "available": true,
    "discount": null
  },
  {
    "shop": "CITRO",
    "categories": [
      1,
      1001,
      10010016
    ],
    "productName": "DEGVĪNS TOVARITCH VODKA 40% 0.7L",
    "productPriceOld": null,
    "productPrice": null,
    "productPricePerUnit": {
      "value": 24.27,
      "unit": "€/L"
    },
    "productPriceWithLoyaltyCard": null,
    "productPricePerUnitWithLoyaltyCard": null,
    "imageUrl": "https://rezekne.citro.lv/wp-content/uploads/2024/09/7640143460038-300x300.jpg",
    "available": true,
    "discount": null
  },
  {
    "shop": "CITRO",
    "categories": [
      1,
      1001,
      1001009
    ],
    "productName": "VISKIJS WILLIAM PEEL FINEST SCOTCH 40% 0.7L",
    "productPriceOld": null,
    "productPrice": null,
    "productPricePerUnit": {
      "value": 24.27,
      "unit": "€/L"
    },
    "productPriceWithLoyaltyCard": null,
    "productPricePerUnitWithLoyaltyCard": null,
    "imageUrl": "https://rezekne.citro.lv/wp-content/uploads/2021/07/3107872000507-300x300.jpg",
    "available": true,
    "discount": null
  },
  {
    "shop": "CITRO",
    "categories": [
      1,
      1001,
      10010012
    ],
    "productName": "DŽINS STRANGE LOVE LONDON DRY GIN PINK 40% 0.7L",
    "productPriceOld": null,
    "productPrice": null,
    "productPricePerUnit": {
      "value": 24.27,
      "unit": "€/L"
    },
    "productPriceWithLoyaltyCard": null,
    "productPricePerUnitWithLoyaltyCard": null,
    "imageUrl": "https://rezekne.citro.lv/wp-content/uploads/2022/03/5414145034182-300x300.jpg",
    "available": true,
    "discount": null
  },
  {
    "shop": "CITRO",
    "categories": [
      1,
      1001,
      1001009
    ],
    "productName": "VISKIJS CANADIAN SPECIAL OLD 40% 0.7L",
    "productPriceOld": null,
    "productPrice": null,
    "productPricePerUnit": {
      "value": 24.27,
      "unit": "€/L"
    },
    "productPriceWithLoyaltyCard": null,
    "productPricePerUnitWithLoyaltyCard": null,
    "imageUrl": "https://rezekne.citro.lv/wp-content/uploads/2021/02/089540453705-300x300.jpg",
    "available": true,
    "discount": null
  },
  {
    "shop": "RIMI",
    "categories": [
      1,
      1001,
      10010014
    ],
    "productName": "Balzams Valhalla by Koskenkorva augu 35% 0,5l",
    "productPriceOld": null,
    "productPrice": {
      "value": 12.15,
      "unit": "€/gab"
    },
    "productPricePerUnit": {
      "value": 24.3,
      "unit": "€/l"
    },
    "productPriceWithLoyaltyCard": null,
    "productPricePerUnitWithLoyaltyCard": null,
    "imageUrl": "https://rimibaltic-res.cloudinary.com/image/upload/d_ecommerce:backend-fallback.png/MAT_7075494_PCE_LV",
    "available": true,
    "discount": null
  },
  {
    "shop": "MAXIMA",
    "categories": [
      1,
      1001,
      10010013
    ],
    "productName": "Liķieris VANA TALLINN MARZIPAN 16% 0,5L",
    "productPriceOld": null,
    "productPrice": {
      "value": 12.15,
      "unit": "€"
    },
    "productPricePerUnit": {
      "value": 24.3,
      "unit": "€/l"
    },
    "productPriceWithLoyaltyCard": null,
    "productPricePerUnitWithLoyaltyCard": null,
    "imageUrl": "https://cdn.barbora.lv/products/a4e0ae99-f485-4f7a-8c39-f46b2667bf95_s.png",
    "available": true,
    "discount": null
  },
  {
    "shop": "MAXIMA",
    "categories": [
      1,
      1001,
      10010013
    ],
    "productName": "Liķieris VANA TALLINN CREAM 16% 0,5l",
    "productPriceOld": null,
    "productPrice": {
      "value": 12.15,
      "unit": "€"
    },
    "productPricePerUnit": {
      "value": 24.3,
      "unit": "€/l"
    },
    "productPriceWithLoyaltyCard": null,
    "productPricePerUnitWithLoyaltyCard": null,
    "imageUrl": "https://cdn.barbora.lv/products/c1f11b73-3d3c-471d-adaf-26a75e9ef7e2_s.png",
    "available": true,
    "discount": null
  },
  {
    "shop": "MAXIMA",
    "categories": [
      1,
      1001,
      10010013
    ],
    "productName": "Liķieris VANA TALLIN ICE CREAM 16% 0,5L",
    "productPriceOld": null,
    "productPrice": {
      "value": 12.15,
      "unit": "€"
    },
    "productPricePerUnit": {
      "value": 24.3,
      "unit": "€/l"
    },
    "productPriceWithLoyaltyCard": null,
    "productPricePerUnitWithLoyaltyCard": null,
    "imageUrl": "https://cdn.barbora.lv/products/016fbbfa-63f2-4105-9326-c9d0eeaa2da6_s.png",
    "available": true,
    "discount": null
  },
  {
    "shop": "MAXIMA",
    "categories": [
      1,
      1001,
      10010013
    ],
    "productName": "Liķieris VANA TALLINN COCONUT 16% 0,5L",
    "productPriceOld": null,
    "productPrice": {
      "value": 12.15,
      "unit": "€"
    },
    "productPricePerUnit": {
      "value": 24.3,
      "unit": "€/l"
    },
    "productPriceWithLoyaltyCard": null,
    "productPricePerUnitWithLoyaltyCard": null,
    "imageUrl": "https://cdn.barbora.lv/products/7b01a2e2-db5a-43ae-9f1b-dde5593eabb8_s.png",
    "available": true,
    "discount": null
  },
  {
    "shop": "RIMI",
    "categories": [
      1,
      1001,
      1001004
    ],
    "productName": "Dz.v. Mademoiselle Marguerite Brut 12% 0,75l",
    "productPriceOld": null,
    "productPrice": {
      "value": 18.25,
      "unit": "€/gab"
    },
    "productPricePerUnit": {
      "value": 24.33,
      "unit": "€/l"
    },
    "productPriceWithLoyaltyCard": null,
    "productPricePerUnitWithLoyaltyCard": null,
    "imageUrl": "https://rimibaltic-res.cloudinary.com/image/upload/d_ecommerce:backend-fallback.png/MAT_7249185_PCE_LV",
    "available": true,
    "discount": null
  },
  {
    "shop": "RIMI",
    "categories": [
      1,
      1001,
      1001004
    ],
    "productName": "Dz.v. Zantho Gruner Veltliner Brut 12% 0,75l",
    "productPriceOld": null,
    "productPrice": {
      "value": 18.29,
      "unit": "€/gab"
    },
    "productPricePerUnit": {
      "value": 24.39,
      "unit": "€/l"
    },
    "productPriceWithLoyaltyCard": null,
    "productPricePerUnitWithLoyaltyCard": null,
    "imageUrl": "https://rimibaltic-res.cloudinary.com/image/upload/d_ecommerce:backend-fallback.png/MAT_7252649_PCE_LV",
    "available": true,
    "discount": null
  },
  {
    "shop": "MAXIMA",
    "categories": [
      1,
      1001,
      1001003
    ],
    "productName": "Vīns BANFI CHIANTI CLASSICO 13,5% 0,75L",
    "productPriceOld": null,
    "productPrice": {
      "value": 18.29,
      "unit": "€"
    },
    "productPricePerUnit": {
      "value": 24.39,
      "unit": "€/l"
    },
    "productPriceWithLoyaltyCard": null,
    "productPricePerUnitWithLoyaltyCard": null,
    "imageUrl": "https://cdn.barbora.lv/products/0c4c96a9-1568-47c9-83b9-e03f8a3c7cec_s.png",
    "available": true,
    "discount": null
  },
  {
    "shop": "MAXIMA",
    "categories": [
      1,
      1001,
      1001003
    ],
    "productName": "Vīns PENFOLDS Shiraz Cabernet 14,5%0,75L",
    "productPriceOld": null,
    "productPrice": {
      "value": 18.29,
      "unit": "€"
    },
    "productPricePerUnit": {
      "value": 24.39,
      "unit": "€/l"
    },
    "productPriceWithLoyaltyCard": null,
    "productPricePerUnitWithLoyaltyCard": null,
    "imageUrl": "https://cdn.barbora.lv/products/bac53c9e-148b-40f0-8714-389d2f7e82a2_s.png",
    "available": true,
    "discount": null
  },
  {
    "shop": "MAXIMA",
    "categories": [
      1,
      1001,
      1001003
    ],
    "productName": "Vīns MOMMESSIN BOURGOGNE CH.12,5% 0,75L",
    "productPriceOld": null,
    "productPrice": {
      "value": 18.29,
      "unit": "€"
    },
    "productPricePerUnit": {
      "value": 24.39,
      "unit": "€/l"
    },
    "productPriceWithLoyaltyCard": null,
    "productPricePerUnitWithLoyaltyCard": null,
    "imageUrl": "https://cdn.barbora.lv/products/047c6c10-3736-4d5c-8637-a823ec6b9ded_s.png",
    "available": true,
    "discount": null
  },
  {
    "shop": "MAXIMA",
    "categories": [
      1,
      1001,
      1001003
    ],
    "productName": "Vīns TOMASSI LUGANA 12,5% 0,75L",
    "productPriceOld": null,
    "productPrice": {
      "value": 18.31,
      "unit": "€"
    },
    "productPricePerUnit": {
      "value": 24.41,
      "unit": "€/l"
    },
    "productPriceWithLoyaltyCard": null,
    "productPricePerUnitWithLoyaltyCard": null,
    "imageUrl": "https://cdn.barbora.lv/products/37ab7169-222e-42be-87a4-6cdd29217e98_s.png",
    "available": true,
    "discount": null
  },
  {
    "shop": "MAXIMA",
    "categories": [
      1,
      1001,
      10010016
    ],
    "productName": "Aromātisks degvīns NEMIROFF Honey Pep.40% 1L",
    "productPriceOld": null,
    "productPrice": {
      "value": 24.44,
      "unit": "€"
    },
    "productPricePerUnit": {
      "value": 24.44,
      "unit": "€/l"
    },
    "productPriceWithLoyaltyCard": null,
    "productPricePerUnitWithLoyaltyCard": null,
    "imageUrl": "https://cdn.barbora.lv/products/bdf48d71-0812-45f1-b196-2796ea288037_s.png",
    "available": true,
    "discount": null
  },
  {
    "shop": "MAXIMA",
    "categories": [
      1,
      1001,
      1001007
    ],
    "productName": "Rums OLD PASCAS BLACK 37,5% 0,7l",
    "productPriceOld": null,
    "productPrice": {
      "value": 17.13,
      "unit": "€"
    },
    "productPricePerUnit": {
      "value": 24.47,
      "unit": "€/l"
    },
    "productPriceWithLoyaltyCard": null,
    "productPricePerUnitWithLoyaltyCard": null,
    "imageUrl": "https://cdn.barbora.lv/products/a7013e51-8748-497f-adf3-99cee80bd6f9_s.png",
    "available": true,
    "discount": null
  },
  {
    "shop": "MAXIMA",
    "categories": [
      1,
      1001,
      1001007
    ],
    "productName": "Rums OLD PASCAS WHITE 37,5% 0,7L",
    "productPriceOld": null,
    "productPrice": {
      "value": 17.13,
      "unit": "€"
    },
    "productPricePerUnit": {
      "value": 24.47,
      "unit": "€/l"
    },
    "productPriceWithLoyaltyCard": null,
    "productPricePerUnitWithLoyaltyCard": null,
    "imageUrl": "https://cdn.barbora.lv/products/d8bf4adf-8c98-42f7-bfb8-6084878bf98f_s.png",
    "available": true,
    "discount": null
  },
  {
    "shop": "RIMI",
    "categories": [
      1,
      1001,
      1001007
    ],
    "productName": "Rums Caribba Blanco 37,5% 0,5l",
    "productPriceOld": null,
    "productPrice": {
      "value": 12.25,
      "unit": "€/gab"
    },
    "productPricePerUnit": {
      "value": 24.5,
      "unit": "€/l"
    },
    "productPriceWithLoyaltyCard": null,
    "productPricePerUnitWithLoyaltyCard": null,
    "imageUrl": "https://rimibaltic-res.cloudinary.com/image/upload/d_ecommerce:backend-fallback.png/MAT_132512_PCE_LV",
    "available": true,
    "discount": null
  },
  {
    "shop": "RIMI",
    "categories": [
      1,
      1001,
      1001007
    ],
    "productName": "Rums Caribba Negro 37,5% 0,5l",
    "productPriceOld": null,
    "productPrice": {
      "value": 12.25,
      "unit": "€/gab"
    },
    "productPricePerUnit": {
      "value": 24.5,
      "unit": "€/l"
    },
    "productPriceWithLoyaltyCard": null,
    "productPricePerUnitWithLoyaltyCard": null,
    "imageUrl": "https://rimibaltic-res.cloudinary.com/image/upload/d_ecommerce:backend-fallback.png/MAT_132562_PCE_LV",
    "available": true,
    "discount": null
  },
  {
    "shop": "MAXIMA",
    "categories": [
      1,
      1001,
      1001007
    ],
    "productName": "Rums CARIBBA BLANCO 37,5% 0,5l",
    "productPriceOld": null,
    "productPrice": {
      "value": 12.25,
      "unit": "€"
    },
    "productPricePerUnit": {
      "value": 24.5,
      "unit": "€/l"
    },
    "productPriceWithLoyaltyCard": null,
    "productPricePerUnitWithLoyaltyCard": null,
    "imageUrl": "https://cdn.barbora.lv/products/1b747b97-746e-4958-94dd-6de1cdb02f33_s.png",
    "available": true,
    "discount": null
  },
  {
    "shop": "MAXIMA",
    "categories": [
      1,
      1001,
      1001007
    ],
    "productName": "Rums CARIBBA NEGRO 37,5% 0,5l",
    "productPriceOld": null,
    "productPrice": {
      "value": 12.25,
      "unit": "€"
    },
    "productPricePerUnit": {
      "value": 24.5,
      "unit": "€/l"
    },
    "productPriceWithLoyaltyCard": null,
    "productPricePerUnitWithLoyaltyCard": null,
    "imageUrl": "https://cdn.barbora.lv/products/061c75ac-ac2f-40c2-a562-281d2697d9d0_s.png",
    "available": true,
    "discount": null
  },
  {
    "shop": "MAXIMA",
    "categories": [
      1,
      1001,
      10010019
    ],
    "productName": "Stipr.alk.dzēr.CARIBBA XTABLA 35% 0,5l",
    "productPriceOld": null,
    "productPrice": {
      "value": 12.25,
      "unit": "€"
    },
    "productPricePerUnit": {
      "value": 24.5,
      "unit": "€/l"
    },
    "productPriceWithLoyaltyCard": null,
    "productPricePerUnitWithLoyaltyCard": null,
    "imageUrl": "https://cdn.barbora.lv/products/344c2cc4-bbe7-418d-9af4-3d9dd1fc5ead_s.png",
    "available": true,
    "discount": null
  },
  {
    "shop": "MAXIMA",
    "categories": [
      1,
      1001,
      10010019
    ],
    "productName": "Stiprs alkoholiskais dzēriens CARIBBA XTABLA CIN. 35% 0,5L",
    "productPriceOld": null,
    "productPrice": {
      "value": 12.25,
      "unit": "€"
    },
    "productPricePerUnit": {
      "value": 24.5,
      "unit": "€/l"
    },
    "productPriceWithLoyaltyCard": null,
    "productPricePerUnitWithLoyaltyCard": null,
    "imageUrl": "https://cdn.barbora.lv/products/92024c5e-0537-453b-a102-e8a0f712c411_s.png",
    "available": true,
    "discount": null
  },
  {
    "shop": "RIMI",
    "categories": [
      1,
      1001,
      1001003
    ],
    "productName": "S.v. Teliani Valley Kvanchkara 11% 0,75l",
    "productPriceOld": null,
    "productPrice": {
      "value": 18.39,
      "unit": "€/gab"
    },
    "productPricePerUnit": {
      "value": 24.52,
      "unit": "€/l"
    },
    "productPriceWithLoyaltyCard": null,
    "productPricePerUnitWithLoyaltyCard": null,
    "imageUrl": "https://rimibaltic-res.cloudinary.com/image/upload/d_ecommerce:backend-fallback.png/MAT_705426_PCE_LV",
    "available": true,
    "discount": null
  },
  {
    "shop": "RIMI",
    "categories": [
      1,
      1001,
      1001003
    ],
    "productName": "S.v.Koonunga Hill Shiraz Cabernet 14,5% 0,75l",
    "productPriceOld": null,
    "productPrice": {
      "value": 18.39,
      "unit": "€/gab"
    },
    "productPricePerUnit": {
      "value": 24.52,
      "unit": "€/l"
    },
    "productPriceWithLoyaltyCard": null,
    "productPricePerUnitWithLoyaltyCard": null,
    "imageUrl": "https://rimibaltic-res.cloudinary.com/image/upload/d_ecommerce:backend-fallback.png/MAT_7164125_PCE_LV",
    "available": true,
    "discount": null
  },
  {
    "shop": "RIMI",
    "categories": [
      1,
      1001,
      1001003
    ],
    "productName": "B.v. Penfolds K. Hill Chard. 13,5% 0,75l",
    "productPriceOld": null,
    "productPrice": {
      "value": 18.39,
      "unit": "€/gab"
    },
    "productPricePerUnit": {
      "value": 24.52,
      "unit": "€/l"
    },
    "productPriceWithLoyaltyCard": null,
    "productPricePerUnitWithLoyaltyCard": null,
    "imageUrl": "https://rimibaltic-res.cloudinary.com/image/upload/d_ecommerce:backend-fallback.png/MAT_7164144_PCE_LV",
    "available": true,
    "discount": null
  },
  {
    "shop": "MAXIMA",
    "categories": [
      1,
      1001,
      1001003
    ],
    "productName": "Vīns TELIANI VALLEY KHVANCHKARA 11% 0,75l",
    "productPriceOld": null,
    "productPrice": {
      "value": 18.39,
      "unit": "€"
    },
    "productPricePerUnit": {
      "value": 24.52,
      "unit": "€/l"
    },
    "productPriceWithLoyaltyCard": null,
    "productPricePerUnitWithLoyaltyCard": null,
    "imageUrl": "https://cdn.barbora.lv/products/bf2ca403-b359-415e-a87e-298b27d09d89_s.png",
    "available": true,
    "discount": null
  },
  {
    "shop": "RIMI",
    "categories": [
      1,
      1001,
      10010010
    ],
    "productName": "Brendijs Cornij Aist 40% 0,5l",
    "productPriceOld": null,
    "productPrice": {
      "value": 12.29,
      "unit": "€/gab"
    },
    "productPricePerUnit": {
      "value": 24.58,
      "unit": "€/l"
    },
    "productPriceWithLoyaltyCard": null,
    "productPricePerUnitWithLoyaltyCard": null,
    "imageUrl": "https://rimibaltic-res.cloudinary.com/image/upload/d_ecommerce:backend-fallback.png/MAT_537514_PCE_LV",
    "available": true,
    "discount": null
  },
  {
    "shop": "MAXIMA",
    "categories": [
      1,
      1001,
      1001003
    ],
    "productName": "Vīns PASQUA 11MINUTES 12,5% 0,75L",
    "productPriceOld": null,
    "productPrice": {
      "value": 18.45,
      "unit": "€"
    },
    "productPricePerUnit": {
      "value": 24.6,
      "unit": "€/l"
    },
    "productPriceWithLoyaltyCard": null,
    "productPricePerUnitWithLoyaltyCard": null,
    "imageUrl": "https://cdn.barbora.lv/products/c4d4d70d-b41d-4ae9-a6e8-af4899a36708_s.png",
    "available": true,
    "discount": null
  },
  {
    "shop": "MAXIMA",
    "categories": [
      1,
      1001,
      10010019
    ],
    "productName": "Stiprs alkoholiskais dzēriens Starinnij Balzam 40% 0,35L",
    "productPriceOld": null,
    "productPrice": {
      "value": 8.61,
      "unit": "€"
    },
    "productPricePerUnit": {
      "value": 24.6,
      "unit": "€/l"
    },
    "productPriceWithLoyaltyCard": null,
    "productPricePerUnitWithLoyaltyCard": null,
    "imageUrl": "https://cdn.barbora.lv/products/69cf3478-8ab4-4129-8f4d-7e116c1fe6e6_s.png",
    "available": true,
    "discount": null
  },
  {
    "shop": "MAXIMA",
    "categories": [
      1,
      1001,
      10010019
    ],
    "productName": "St.alkohol.dz.Starinnij Balzam 40% 0,2L",
    "productPriceOld": null,
    "productPrice": {
      "value": 4.93,
      "unit": "€"
    },
    "productPricePerUnit": {
      "value": 24.65,
      "unit": "€/l"
    },
    "productPriceWithLoyaltyCard": null,
    "productPricePerUnitWithLoyaltyCard": null,
    "imageUrl": "https://cdn.barbora.lv/products/35396251-2451-45a1-b232-5efde0162a1b_s.png",
    "available": true,
    "discount": null
  },
  {
    "shop": "MAXIMA",
    "categories": [
      2,
      2001,
      20010015
    ],
    "productName": "Čipsi Rice Up brūno rīsu ar sieru 60g",
    "productPriceOld": null,
    "productPrice": {
      "value": 1.48,
      "unit": "€"
    },
    "productPricePerUnit": {
      "value": 24.67,
      "unit": "€/kg"
    },
    "productPriceWithLoyaltyCard": null,
    "productPricePerUnitWithLoyaltyCard": null,
    "imageUrl": "https://cdn.barbora.lv/products/f172c8bc-0de8-4714-8fab-a01d337f48bf_s.png",
    "available": true,
    "discount": null
  },
  {
    "shop": "MAXIMA",
    "categories": [
      2,
      2001,
      20010015
    ],
    "productName": "Čipsi Rice Up brūno rīsu ar kečupu 60g",
    "productPriceOld": null,
    "productPrice": {
      "value": 1.48,
      "unit": "€"
    },
    "productPricePerUnit": {
      "value": 24.67,
      "unit": "€/kg"
    },
    "productPriceWithLoyaltyCard": null,
    "productPricePerUnitWithLoyaltyCard": null,
    "imageUrl": "https://cdn.barbora.lv/products/5b185708-e1b1-47dc-a5f4-5369a39cc26c_s.png",
    "available": true,
    "discount": null
  },
  {
    "shop": "RIMI",
    "categories": [
      1,
      1001,
      10010016
    ],
    "productName": "Degvīns Moskovskaya Osobaya 40% 0,2l",
    "productPriceOld": null,
    "productPrice": {
      "value": 4.95,
      "unit": "€/gab"
    },
    "productPricePerUnit": {
      "value": 24.75,
      "unit": "€/l"
    },
    "productPriceWithLoyaltyCard": null,
    "productPricePerUnitWithLoyaltyCard": null,
    "imageUrl": "https://rimibaltic-res.cloudinary.com/image/upload/d_ecommerce:backend-fallback.png/MAT_754407_PCE_LV",
    "available": true,
    "discount": null
  },
  {
    "shop": "MAXIMA",
    "categories": [
      1,
      1001,
      1001003
    ],
    "productName": "Vīns ZENATO LUGANA 13,5% 0,75L",
    "productPriceOld": null,
    "productPrice": {
      "value": 18.59,
      "unit": "€"
    },
    "productPricePerUnit": {
      "value": 24.79,
      "unit": "€/l"
    },
    "productPriceWithLoyaltyCard": null,
    "productPricePerUnitWithLoyaltyCard": null,
    "imageUrl": "https://cdn.barbora.lv/products/13e62ada-a704-45cc-a6fd-dcc63c16f9fc_s.png",
    "available": true,
    "discount": null
  },
  {
    "shop": "MAXIMA",
    "categories": [
      1,
      1001,
      10010016
    ],
    "productName": "Degvīns ABSOLUT 40% 1L",
    "productPriceOld": null,
    "productPrice": {
      "value": 24.84,
      "unit": "€"
    },
    "productPricePerUnit": {
      "value": 24.84,
      "unit": "€/l"
    },
    "productPriceWithLoyaltyCard": null,
    "productPricePerUnitWithLoyaltyCard": null,
    "imageUrl": "https://cdn.barbora.lv/products/edb3f436-9dd2-4275-9c81-6d8d0ca4b824_s.png",
    "available": true,
    "discount": null
  },
  {
    "shop": "RIMI",
    "categories": [
      1,
      1001,
      1001003
    ],
    "productName": "R.v.Pasqua 11 minutes Trev.IGT 12,5% 0,75l",
    "productPriceOld": null,
    "productPrice": {
      "value": 18.65,
      "unit": "€/gab"
    },
    "productPricePerUnit": {
      "value": 24.87,
      "unit": "€/l"
    },
    "productPriceWithLoyaltyCard": null,
    "productPricePerUnitWithLoyaltyCard": null,
    "imageUrl": "https://rimibaltic-res.cloudinary.com/image/upload/d_ecommerce:backend-fallback.png/MAT_7211511_PCE_LV",
    "available": true,
    "discount": null
  },
  {
    "shop": "MAXIMA",
    "categories": [
      1,
      1001,
      10010019
    ],
    "productName": "Stiprais alk. dzēriens CASINO 50% 1L",
    "productPriceOld": null,
    "productPrice": {
      "value": 24.88,
      "unit": "€"
    },
    "productPricePerUnit": {
      "value": 24.88,
      "unit": "€/l"
    },
    "productPriceWithLoyaltyCard": null,
    "productPricePerUnitWithLoyaltyCard": null,
    "imageUrl": "https://cdn.barbora.lv/products/e99c0f0a-1414-4f5e-9a68-7a61908f55bf_s.png",
    "available": true,
    "discount": null
  },
  {
    "shop": "RIMI",
    "categories": [
      2,
      2005
    ],
    "productName": "Deserts Cielaviņa 120g",
    "productPriceOld": null,
    "productPrice": {
      "value": 2.99,
      "unit": "€/gab"
    },
    "productPricePerUnit": {
      "value": 24.92,
      "unit": "€/kg"
    },
    "productPriceWithLoyaltyCard": null,
    "productPricePerUnitWithLoyaltyCard": null,
    "imageUrl": "https://rimibaltic-res.cloudinary.com/image/upload/d_ecommerce:backend-fallback.png/MAT_940489_PCE_LV",
    "available": true,
    "discount": null
  },
  {
    "shop": "MAXIMA",
    "categories": [
      2,
      2005
    ],
    "productName": "Deserts Cielaviņa STABURADZE 120g",
    "productPriceOld": null,
    "productPrice": {
      "value": 2.99,
      "unit": "€"
    },
    "productPricePerUnit": {
      "value": 24.92,
      "unit": "€/kg"
    },
    "productPriceWithLoyaltyCard": null,
    "productPricePerUnitWithLoyaltyCard": null,
    "imageUrl": "https://cdn.barbora.lv/products/9d97996a-9bd5-4768-be5f-d0d153d44315_s.png",
    "available": true,
    "discount": null
  },
  {
    "shop": "RIMI",
    "categories": [
      1,
      1001,
      10010014
    ],
    "productName": "Balzams Rīgas Melnais 45% 0,2l",
    "productPriceOld": null,
    "productPrice": {
      "value": 4.99,
      "unit": "€/gab"
    },
    "productPricePerUnit": {
      "value": 24.95,
      "unit": "€/l"
    },
    "productPriceWithLoyaltyCard": null,
    "productPricePerUnitWithLoyaltyCard": null,
    "imageUrl": "https://rimibaltic-res.cloudinary.com/image/upload/d_ecommerce:backend-fallback.png/MAT_466640_PCE_LV",
    "available": true,
    "discount": null
  },
  {
    "shop": "RIMI",
    "categories": [
      1,
      1001,
      10010014
    ],
    "productName": "Balzams Rīgas Melnais 45% 0,2l",
    "productPriceOld": null,
    "productPrice": {
      "value": 4.99,
      "unit": "€/gab"
    },
    "productPricePerUnit": {
      "value": 24.95,
      "unit": "€/l"
    },
    "productPriceWithLoyaltyCard": null,
    "productPricePerUnitWithLoyaltyCard": null,
    "imageUrl": "https://rimibaltic-res.cloudinary.com/image/upload/d_ecommerce:backend-fallback.png/MAT_466640_PCE_LV",
    "available": true,
    "discount": null
  },
  {
    "shop": "MAXIMA",
    "categories": [
      1,
      1001,
      10010014
    ],
    "productName": "Balzams RIGA BLACK BALSAM 45% 0,2L",
    "productPriceOld": null,
    "productPrice": {
      "value": 4.99,
      "unit": "€"
    },
    "productPricePerUnit": {
      "value": 24.95,
      "unit": "€/l"
    },
    "productPriceWithLoyaltyCard": null,
    "productPricePerUnitWithLoyaltyCard": null,
    "imageUrl": "https://cdn.barbora.lv/products/2e626e5a-8f09-49b5-8773-26d1b37977b1_s.png",
    "available": true,
    "discount": null
  },
  {
    "shop": "MAXIMA",
    "categories": [
      1,
      1001,
      10010010
    ],
    "productName": "Brendijs J.P.CHENET VSOP 36% 0,2L",
    "productPriceOld": {
      "value": 6.49,
      "unit": "€"
    },
    "productPrice": {
      "value": 6.49,
      "unit": "€"
    },
    "productPricePerUnit": {
      "value": 32.45,
      "unit": "€/l"
    },
    "productPriceWithLoyaltyCard": {
      "value": 4.99,
      "unit": "€"
    },
    "productPricePerUnitWithLoyaltyCard": {
      "value": 24.95,
      "unit": "€/l"
    },
    "imageUrl": "https://cdn.barbora.lv/products/ba93f51c-1c6a-4307-8bc6-c14b76409eef_s.png",
    "available": true,
    "discount": 23
  },
  {
    "shop": "MAXIMA",
    "categories": [
      1,
      1001,
      10010010
    ],
    "productName": "Brendijs BELIJ AIST 3* 40% 0,2L",
    "productPriceOld": {
      "value": 6.08,
      "unit": "€"
    },
    "productPrice": {
      "value": 6.08,
      "unit": "€"
    },
    "productPricePerUnit": {
      "value": 30.4,
      "unit": "€/l"
    },
    "productPriceWithLoyaltyCard": {
      "value": 4.99,
      "unit": "€"
    },
    "productPricePerUnitWithLoyaltyCard": {
      "value": 24.95,
      "unit": "€/l"
    },
    "imageUrl": "https://cdn.barbora.lv/products/7974a81a-0210-488a-80fa-ee65fa05c2d5_s.png",
    "available": true,
    "discount": 18
  },
  {
    "shop": "RIMI",
    "categories": [
      1,
      1001,
      10010019
    ],
    "productName": "Alkohol. dzēriens Mionetto Aperitivo 11% 0,5l",
    "productPriceOld": null,
    "productPrice": {
      "value": 12.49,
      "unit": "€/gab"
    },
    "productPricePerUnit": {
      "value": 24.98,
      "unit": "€/l"
    },
    "productPriceWithLoyaltyCard": null,
    "productPricePerUnitWithLoyaltyCard": null,
    "imageUrl": "https://rimibaltic-res.cloudinary.com/image/upload/d_ecommerce:backend-fallback.png/MAT_7287559_PCE_LV",
    "available": true,
    "discount": null
  },
  {
    "shop": "MAXIMA",
    "categories": [
      1,
      1001,
      10010016
    ],
    "productName": "Degvīns TENJAKU 40% 0,7L",
    "productPriceOld": {
      "value": 27.31,
      "unit": "€"
    },
    "productPrice": {
      "value": 27.31,
      "unit": "€"
    },
    "productPricePerUnit": {
      "value": 39.01,
      "unit": "€/l"
    },
    "productPriceWithLoyaltyCard": {
      "value": 17.49,
      "unit": "€"
    },
    "productPricePerUnitWithLoyaltyCard": {
      "value": 24.98,
      "unit": "€/l"
    },
    "imageUrl": "https://cdn.barbora.lv/products/cbc77302-7cd4-4381-8bc5-1230d9ff7484_s.png",
    "available": true,
    "discount": 36
  },
  {
    "shop": "MAXIMA",
    "categories": [
      1,
      1001,
      10010010
    ],
    "productName": "Brendijs BELIJ AIST 5* 40% 0,5l",
    "productPriceOld": {
      "value": 15.35,
      "unit": "€"
    },
    "productPrice": {
      "value": 12.49,
      "unit": "€"
    },
    "productPricePerUnit": {
      "value": 24.98,
      "unit": "€/l"
    },
    "productPriceWithLoyaltyCard": null,
    "productPricePerUnitWithLoyaltyCard": null,
    "imageUrl": "https://cdn.barbora.lv/products/b98d7eb8-8a3c-47a4-b6c7-986b87e219e8_s.png",
    "available": true,
    "discount": 19
  },
  {
    "shop": "RIMI",
    "categories": [
      1,
      1001,
      1001009
    ],
    "productName": "Viskijs Sir Edwards 40% 0,7l",
    "productPriceOld": null,
    "productPrice": {
      "value": 17.49,
      "unit": "€/gab"
    },
    "productPricePerUnit": {
      "value": 24.99,
      "unit": "€/l"
    },
    "productPriceWithLoyaltyCard": null,
    "productPricePerUnitWithLoyaltyCard": null,
    "imageUrl": "https://rimibaltic-res.cloudinary.com/image/upload/d_ecommerce:backend-fallback.png/MAT_101815_PCE_LV",
    "available": true,
    "discount": null
  },
  {
    "shop": "RIMI",
    "categories": [
      1,
      1001,
      1001009
    ],
    "productName": "Viskijs Black Ram 40% 0,7l",
    "productPriceOld": null,
    "productPrice": {
      "value": 17.49,
      "unit": "€/gab"
    },
    "productPricePerUnit": {
      "value": 24.99,
      "unit": "€/l"
    },
    "productPriceWithLoyaltyCard": null,
    "productPricePerUnitWithLoyaltyCard": null,
    "imageUrl": "https://rimibaltic-res.cloudinary.com/image/upload/d_ecommerce:backend-fallback.png/MAT_7286753_PCE_LV",
    "available": true,
    "discount": null
  },
  {
    "shop": "RIMI",
    "categories": [
      1,
      1001,
      1001009
    ],
    "productName": "Viskijs Black Ram Bourbon Cask Fin. 40% 0,7l",
    "productPriceOld": null,
    "productPrice": {
      "value": 17.49,
      "unit": "€/gab"
    },
    "productPricePerUnit": {
      "value": 24.99,
      "unit": "€/l"
    },
    "productPriceWithLoyaltyCard": null,
    "productPricePerUnitWithLoyaltyCard": null,
    "imageUrl": "https://rimibaltic-res.cloudinary.com/image/upload/d_ecommerce:backend-fallback.png/MAT_7286752_PCE_LV",
    "available": true,
    "discount": null
  },
  {
    "shop": "RIMI",
    "categories": [
      1,
      1001,
      10010016
    ],
    "productName": "Degvīns Stolichnaya Premium Vodka 40% 1l",
    "productPriceOld": null,
    "productPrice": {
      "value": 24.99,
      "unit": "€/gab"
    },
    "productPricePerUnit": {
      "value": 24.99,
      "unit": "€/l"
    },
    "productPriceWithLoyaltyCard": null,
    "productPricePerUnitWithLoyaltyCard": null,
    "imageUrl": "https://rimibaltic-res.cloudinary.com/image/upload/d_ecommerce:backend-fallback.png/MAT_7081095_PCE_LV",
    "available": true,
    "discount": null
  },
  {
    "shop": "MAXIMA",
    "categories": [
      1,
      1001,
      10010012
    ],
    "productName": "Džins CROSS KEYS BLACK CURRANT 38% 0,7L",
    "productPriceOld": {
      "value": 30.73,
      "unit": "€"
    },
    "productPrice": {
      "value": 30.73,
      "unit": "€"
    },
    "productPricePerUnit": {
      "value": 43.9,
      "unit": "€/l"
    },
    "productPriceWithLoyaltyCard": {
      "value": 17.49,
      "unit": "€"
    },
    "productPricePerUnitWithLoyaltyCard": {
      "value": 24.99,
      "unit": "€/l"
    },
    "imageUrl": "https://cdn.barbora.lv/products/bda73044-43f1-4fb8-81ee-e66c75b7233c_s.png",
    "available": true,
    "discount": 43
  },
  {
    "shop": "MAXIMA",
    "categories": [
      1,
      1001,
      1001009
    ],
    "productName": "Viskijs GRANT'S + glāze 40% 0,7L",
    "productPriceOld": null,
    "productPrice": {
      "value": 17.49,
      "unit": "€"
    },
    "productPricePerUnit": {
      "value": 24.99,
      "unit": "€/l"
    },
    "productPriceWithLoyaltyCard": null,
    "productPricePerUnitWithLoyaltyCard": null,
    "imageUrl": "https://cdn.barbora.lv/products/d3c02a1f-ca76-4ab8-9045-b18f2faac0a4_s.png",
    "available": true,
    "discount": null
  },
  {
    "shop": "MAXIMA",
    "categories": [
      1,
      1001,
      10010012
    ],
    "productName": "Džins CROSS KEYS 41% 0,7L",
    "productPriceOld": {
      "value": 30.19,
      "unit": "€"
    },
    "productPrice": {
      "value": 30.19,
      "unit": "€"
    },
    "productPricePerUnit": {
      "value": 43.13,
      "unit": "€/l"
    },
    "productPriceWithLoyaltyCard": {
      "value": 17.49,
      "unit": "€"
    },
    "productPricePerUnitWithLoyaltyCard": {
      "value": 24.99,
      "unit": "€/l"
    },
    "imageUrl": "https://cdn.barbora.lv/products/979b3c19-763d-4f32-82fe-d832237998d0_s.png",
    "available": true,
    "discount": 42
  },
  {
    "shop": "MAXIMA",
    "categories": [
      1,
      1001,
      10010016
    ],
    "productName": "Degvīns STOLI 40% 1L",
    "productPriceOld": null,
    "productPrice": {
      "value": 24.99,
      "unit": "€"
    },
    "productPricePerUnit": {
      "value": 24.99,
      "unit": "€/l"
    },
    "productPriceWithLoyaltyCard": null,
    "productPricePerUnitWithLoyaltyCard": null,
    "imageUrl": "https://cdn.barbora.lv/products/f11b600f-956b-44dd-98fe-a188d3d642fb_s.png",
    "available": true,
    "discount": null
  },
  {
    "shop": "MAXIMA",
    "categories": [
      1,
      1001,
      1001003
    ],
    "productName": "Vīns GREY CABERNET SAUVIGNON 14,5% 0,75L",
    "productPriceOld": null,
    "productPrice": {
      "value": 18.79,
      "unit": "€"
    },
    "productPricePerUnit": {
      "value": 25.05,
      "unit": "€/l"
    },
    "productPriceWithLoyaltyCard": null,
    "productPricePerUnitWithLoyaltyCard": null,
    "imageUrl": "https://cdn.barbora.lv/products/440a273c-a366-49e9-a2a8-c68dc28f56b3_s.png",
    "available": true,
    "discount": null
  },
  {
    "shop": "MAXIMA",
    "categories": [
      1,
      1001,
      10010016
    ],
    "productName": "Degvīns RIGA BLACK VODKA 40% 0,5L",
    "productPriceOld": null,
    "productPrice": {
      "value": 12.59,
      "unit": "€"
    },
    "productPricePerUnit": {
      "value": 25.18,
      "unit": "€/l"
    },
    "productPriceWithLoyaltyCard": null,
    "productPricePerUnitWithLoyaltyCard": null,
    "imageUrl": "https://cdn.barbora.lv/products/76f455ec-fca9-400f-936e-7250da762b4c_s.png",
    "available": true,
    "discount": null
  },
  {
    "shop": "RIMI",
    "categories": [
      1,
      1001,
      1001003
    ],
    "productName": "S.v. Jacobs Creek Barrel Shiraz 14,6% 0,75l",
    "productPriceOld": null,
    "productPrice": {
      "value": 18.89,
      "unit": "€/gab"
    },
    "productPricePerUnit": {
      "value": 25.19,
      "unit": "€/l"
    },
    "productPriceWithLoyaltyCard": null,
    "productPricePerUnitWithLoyaltyCard": null,
    "imageUrl": "https://rimibaltic-res.cloudinary.com/image/upload/d_ecommerce:backend-fallback.png/MAT_7221031_PCE_LV",
    "available": true,
    "discount": null
  },
  {
    "shop": "MAXIMA",
    "categories": [
      1,
      1001,
      1001003
    ],
    "productName": "Vīns JACOBS CREEK DOUBL.B.SH.14,8% 0,75L",
    "productPriceOld": null,
    "productPrice": {
      "value": 18.89,
      "unit": "€"
    },
    "productPricePerUnit": {
      "value": 25.19,
      "unit": "€/l"
    },
    "productPriceWithLoyaltyCard": null,
    "productPricePerUnitWithLoyaltyCard": null,
    "imageUrl": "https://cdn.barbora.lv/products/7eb49963-c03f-412b-92a3-cb77d3d8619e_s.png",
    "available": true,
    "discount": null
  },
  {
    "shop": "RIMI",
    "categories": [
      1,
      1001,
      1001009
    ],
    "productName": "Viskijs Highland Queen 40% 1l",
    "productPriceOld": null,
    "productPrice": {
      "value": 25.25,
      "unit": "€/gab"
    },
    "productPricePerUnit": {
      "value": 25.25,
      "unit": "€/l"
    },
    "productPriceWithLoyaltyCard": null,
    "productPricePerUnitWithLoyaltyCard": null,
    "imageUrl": "https://rimibaltic-res.cloudinary.com/image/upload/d_ecommerce:backend-fallback.png/MAT_7299322_PCE_LV",
    "available": true,
    "discount": null
  },
  {
    "shop": "MAXIMA",
    "categories": [
      1,
      1001,
      10010013
    ],
    "productName": "Liķieris Medus Balzams 32% 0,2L",
    "productPriceOld": null,
    "productPrice": {
      "value": 5.06,
      "unit": "€"
    },
    "productPricePerUnit": {
      "value": 25.3,
      "unit": "€/l"
    },
    "productPriceWithLoyaltyCard": null,
    "productPricePerUnitWithLoyaltyCard": null,
    "imageUrl": "https://cdn.barbora.lv/products/168f0aa3-b486-49f2-ad67-00dad1ae51cf_s.png",
    "available": true,
    "discount": null
  },
  {
    "shop": "RIMI",
    "categories": [
      1,
      1001,
      1001003
    ],
    "productName": "Portvīns Graham’s Tawny Reserve 20% 0,75l",
    "productPriceOld": null,
    "productPrice": {
      "value": 24.39,
      "unit": "€/gab"
    },
    "productPricePerUnit": {
      "value": 32.52,
      "unit": "€/l"
    },
    "productPriceWithLoyaltyCard": {
      "value": 18.99,
      "unit": "€"
    },
    "productPricePerUnitWithLoyaltyCard": {
      "value": 25.32,
      "unit": "€/l"
    },
    "imageUrl": "https://rimibaltic-res.cloudinary.com/image/upload/d_ecommerce:backend-fallback.png/MAT_7245773_PCE_LV",
    "available": true,
    "discount": 22
  },
  {
    "shop": "RIMI",
    "categories": [
      1,
      1001,
      1001004
    ],
    "productName": "Dz. vīns Poll Fabaire Brut 12,5% 0,75l",
    "productPriceOld": null,
    "productPrice": {
      "value": 18.99,
      "unit": "€/gab"
    },
    "productPricePerUnit": {
      "value": 25.32,
      "unit": "€/l"
    },
    "productPriceWithLoyaltyCard": null,
    "productPricePerUnitWithLoyaltyCard": null,
    "imageUrl": "https://rimibaltic-res.cloudinary.com/image/upload/d_ecommerce:backend-fallback.png/MAT_7300468_PCE_LV",
    "available": true,
    "discount": null
  },
  {
    "shop": "MAXIMA",
    "categories": [
      1,
      1001,
      1001003
    ],
    "productName": "Dzirkstošais vīns B&G Crem.de Bourgogne 12% 0,75L",
    "productPriceOld": null,
    "productPrice": {
      "value": 18.99,
      "unit": "€"
    },
    "productPricePerUnit": {
      "value": 25.32,
      "unit": "€/l"
    },
    "productPriceWithLoyaltyCard": null,
    "productPricePerUnitWithLoyaltyCard": null,
    "imageUrl": "https://cdn.barbora.lv/products/57936143-18b4-4402-bb5c-de0e14de0fd9_s.png",
    "available": true,
    "discount": null
  },
  {
    "shop": "MAXIMA",
    "categories": [
      1,
      1001,
      1001003
    ],
    "productName": "Vīns VENTISQUERO Grey Pinot Noir 13,5% 0,75L",
    "productPriceOld": null,
    "productPrice": {
      "value": 18.99,
      "unit": "€"
    },
    "productPricePerUnit": {
      "value": 25.32,
      "unit": "€/l"
    },
    "productPriceWithLoyaltyCard": null,
    "productPricePerUnitWithLoyaltyCard": null,
    "imageUrl": "https://cdn.barbora.lv/products/87ae7ce6-46ed-4ea4-8802-5c61bf0694af_s.png",
    "available": true,
    "discount": null
  },
  {
    "shop": "RIMI",
    "categories": [
      2,
      2005
    ],
    "productName": "Krēma pikas Tortīne ar sāļo karameli 220g",
    "productPriceOld": null,
    "productPrice": {
      "value": 5.59,
      "unit": "€/gab"
    },
    "productPricePerUnit": {
      "value": 25.41,
      "unit": "€/kg"
    },
    "productPriceWithLoyaltyCard": null,
    "productPricePerUnitWithLoyaltyCard": null,
    "imageUrl": "https://rimibaltic-res.cloudinary.com/image/upload/d_ecommerce:backend-fallback.png/MAT_4001121_PCE_LV",
    "available": true,
    "discount": null
  },
  {
    "shop": "MAXIMA",
    "categories": [
      1,
      1001,
      1001003
    ],
    "productName": "Vīns ZONIN Prim.Di Manduria 14,5% 0,75L",
    "productPriceOld": null,
    "productPrice": {
      "value": 19.09,
      "unit": "€"
    },
    "productPricePerUnit": {
      "value": 25.45,
      "unit": "€/l"
    },
    "productPriceWithLoyaltyCard": null,
    "productPricePerUnitWithLoyaltyCard": null,
    "imageUrl": "https://cdn.barbora.lv/products/3ab7ad87-0bbd-4d7c-9ea4-59b5bb12429e_s.png",
    "available": true,
    "discount": null
  },
  {
    "shop": "RIMI",
    "categories": [
      1,
      1001,
      1001009
    ],
    "productName": "Viskijs Highland Queen 40% 0,7l",
    "productPriceOld": null,
    "productPrice": {
      "value": 17.85,
      "unit": "€/gab"
    },
    "productPricePerUnit": {
      "value": 25.5,
      "unit": "€/l"
    },
    "productPriceWithLoyaltyCard": null,
    "productPricePerUnitWithLoyaltyCard": null,
    "imageUrl": "https://rimibaltic-res.cloudinary.com/image/upload/d_ecommerce:backend-fallback.png/MAT_7045391_PCE_LV",
    "available": true,
    "discount": null
  },
  {
    "shop": "MAXIMA",
    "categories": [
      1,
      1001,
      1001009
    ],
    "productName": "Viskijs HIGHLAND QUEEN 40% 0,7L",
    "productPriceOld": null,
    "productPrice": {
      "value": 17.85,
      "unit": "€"
    },
    "productPricePerUnit": {
      "value": 25.5,
      "unit": "€/l"
    },
    "productPriceWithLoyaltyCard": null,
    "productPricePerUnitWithLoyaltyCard": null,
    "imageUrl": "https://cdn.barbora.lv/products/49573700-cda5-41ce-a803-d8ff032ed9af_s.png",
    "available": true,
    "discount": null
  },
  {
    "shop": "RIMI",
    "categories": [
      1,
      1001,
      1001007
    ],
    "productName": "Rums El Galipote Spiced 35%, 0,7l",
    "productPriceOld": null,
    "productPrice": {
      "value": 17.89,
      "unit": "€/gab"
    },
    "productPricePerUnit": {
      "value": 25.56,
      "unit": "€/l"
    },
    "productPriceWithLoyaltyCard": null,
    "productPricePerUnitWithLoyaltyCard": null,
    "imageUrl": "https://rimibaltic-res.cloudinary.com/image/upload/d_ecommerce:backend-fallback.png/MAT_7271054_PCE_LV",
    "available": true,
    "discount": null
  },
  {
    "shop": "MAXIMA",
    "categories": [
      1,
      1001,
      1001003
    ],
    "productName": "Vīns B&G Cotes De Prov.Rose 12,5% 0,75L",
    "productPriceOld": null,
    "productPrice": {
      "value": 19.19,
      "unit": "€"
    },
    "productPricePerUnit": {
      "value": 25.59,
      "unit": "€/l"
    },
    "productPriceWithLoyaltyCard": null,
    "productPricePerUnitWithLoyaltyCard": null,
    "imageUrl": "https://cdn.barbora.lv/products/432b3a60-416e-4a4c-9a23-34fbb5ad9bbd_s.png",
    "available": true,
    "discount": null
  },
  {
    "shop": "MAXIMA",
    "categories": [
      1,
      1001,
      1001003
    ],
    "productName": "Vīns MOMMESSIN BOUR. PIN.NOIR 12,5%0,75L",
    "productPriceOld": null,
    "productPrice": {
      "value": 19.19,
      "unit": "€"
    },
    "productPricePerUnit": {
      "value": 25.59,
      "unit": "€/l"
    },
    "productPriceWithLoyaltyCard": null,
    "productPricePerUnitWithLoyaltyCard": null,
    "imageUrl": "https://cdn.barbora.lv/products/53b34509-eacd-43aa-ac90-7d1f7a04858d_s.png",
    "available": true,
    "discount": null
  },
  {
    "shop": "MAXIMA",
    "categories": [
      1,
      1001,
      1001009
    ],
    "productName": "Viskijs Scottish Collie 40% 0,5L",
    "productPriceOld": null,
    "productPrice": {
      "value": 12.82,
      "unit": "€"
    },
    "productPricePerUnit": {
      "value": 25.64,
      "unit": "€/l"
    },
    "productPriceWithLoyaltyCard": null,
    "productPricePerUnitWithLoyaltyCard": null,
    "imageUrl": "https://cdn.barbora.lv/products/776a2ce6-d9b9-4107-bf4b-7bb785672b97_s.png",
    "available": true,
    "discount": null
  },
  {
    "shop": "RIMI",
    "categories": [
      1,
      1001,
      1001004
    ],
    "productName": "Dz.v. F.Martenot Cremant 12% 0,75l",
    "productPriceOld": null,
    "productPrice": {
      "value": 19.25,
      "unit": "€/gab"
    },
    "productPricePerUnit": {
      "value": 25.67,
      "unit": "€/l"
    },
    "productPriceWithLoyaltyCard": null,
    "productPricePerUnitWithLoyaltyCard": null,
    "imageUrl": "https://rimibaltic-res.cloudinary.com/image/upload/d_ecommerce:backend-fallback.png/MAT_7220766_PCE_LV",
    "available": true,
    "discount": null
  },
  {
    "shop": "RIMI",
    "categories": [
      1,
      1001,
      1001007
    ],
    "productName": "Rums Barracuda Vanilla spiced 32% 0,7l",
    "productPriceOld": null,
    "productPrice": {
      "value": 17.99,
      "unit": "€/gab"
    },
    "productPricePerUnit": {
      "value": 25.7,
      "unit": "€/l"
    },
    "productPriceWithLoyaltyCard": null,
    "productPricePerUnitWithLoyaltyCard": null,
    "imageUrl": "https://rimibaltic-res.cloudinary.com/image/upload/d_ecommerce:backend-fallback.png/MAT_7247155_PCE_LV",
    "available": true,
    "discount": null
  },
  {
    "shop": "RIMI",
    "categories": [
      1,
      1001,
      10010016
    ],
    "productName": "Degvīns Koskenkorva 40% 0,7l",
    "productPriceOld": null,
    "productPrice": {
      "value": 17.99,
      "unit": "€/gab"
    },
    "productPricePerUnit": {
      "value": 25.7,
      "unit": "€/l"
    },
    "productPriceWithLoyaltyCard": null,
    "productPricePerUnitWithLoyaltyCard": null,
    "imageUrl": "https://rimibaltic-res.cloudinary.com/image/upload/d_ecommerce:backend-fallback.png/MAT_141174_PCE_LV",
    "available": true,
    "discount": null
  },
  {
    "shop": "RIMI",
    "categories": [
      1,
      1001,
      1001007
    ],
    "productName": "Rums Barracuda Respberry spiced 30% 0,7l",
    "productPriceOld": null,
    "productPrice": {
      "value": 17.99,
      "unit": "€/gab"
    },
    "productPricePerUnit": {
      "value": 25.7,
      "unit": "€/l"
    },
    "productPriceWithLoyaltyCard": null,
    "productPricePerUnitWithLoyaltyCard": null,
    "imageUrl": "https://rimibaltic-res.cloudinary.com/image/upload/d_ecommerce:backend-fallback.png/MAT_7267911_PCE_LV",
    "available": true,
    "discount": null
  },
  {
    "shop": "RIMI",
    "categories": [
      1,
      1001,
      10010016
    ],
    "productName": "Degvīns Koskenkorva Lemon Lime 37,5% 0,7l",
    "productPriceOld": null,
    "productPrice": {
      "value": 17.99,
      "unit": "€/gab"
    },
    "productPricePerUnit": {
      "value": 25.7,
      "unit": "€/l"
    },
    "productPriceWithLoyaltyCard": null,
    "productPricePerUnitWithLoyaltyCard": null,
    "imageUrl": "https://rimibaltic-res.cloudinary.com/image/upload/d_ecommerce:backend-fallback.png/MAT_7153906_PCE_LV",
    "available": true,
    "discount": null
  },
  {
    "shop": "RIMI",
    "categories": [
      1,
      1001,
      10010016
    ],
    "productName": "Degvīns Koskenkorva 40% 0,5l",
    "productPriceOld": null,
    "productPrice": {
      "value": 12.85,
      "unit": "€/gab"
    },
    "productPricePerUnit": {
      "value": 25.7,
      "unit": "€/l"
    },
    "productPriceWithLoyaltyCard": null,
    "productPricePerUnitWithLoyaltyCard": null,
    "imageUrl": "https://rimibaltic-res.cloudinary.com/image/upload/d_ecommerce:backend-fallback.png/MAT_7153924_PCE_LV",
    "available": true,
    "discount": null
  },
  {
    "shop": "RIMI",
    "categories": [
      1,
      1001,
      10010016
    ],
    "productName": "Arom. degvīns Nemiroff Honey Pepper 40% 0,7l",
    "productPriceOld": null,
    "productPrice": {
      "value": 17.99,
      "unit": "€/gab"
    },
    "productPricePerUnit": {
      "value": 25.7,
      "unit": "€/l"
    },
    "productPriceWithLoyaltyCard": null,
    "productPricePerUnitWithLoyaltyCard": null,
    "imageUrl": "https://rimibaltic-res.cloudinary.com/image/upload/d_ecommerce:backend-fallback.png/MAT_110742_PCE_LV",
    "available": true,
    "discount": null
  },
  {
    "shop": "RIMI",
    "categories": [
      1,
      1001,
      10010010
    ],
    "productName": "Brendijs Ararat 5* 40% 0,7l",
    "productPriceOld": null,
    "productPrice": {
      "value": 26.19,
      "unit": "€/gab"
    },
    "productPricePerUnit": {
      "value": 37.41,
      "unit": "€/l"
    },
    "productPriceWithLoyaltyCard": {
      "value": 17.99,
      "unit": "€"
    },
    "productPricePerUnitWithLoyaltyCard": {
      "value": 25.7,
      "unit": "€/l"
    },
    "imageUrl": "https://rimibaltic-res.cloudinary.com/image/upload/d_ecommerce:backend-fallback.png/MAT_797212_PCE_LV",
    "available": true,
    "discount": 31
  },
  {
    "shop": "RIMI",
    "categories": [
      1,
      1001,
      10010016
    ],
    "productName": "Degvīns Koskenkorva dzērveņu 37,5% 0,7l",
    "productPriceOld": null,
    "productPrice": {
      "value": 17.99,
      "unit": "€/gab"
    },
    "productPricePerUnit": {
      "value": 25.7,
      "unit": "€/l"
    },
    "productPriceWithLoyaltyCard": null,
    "productPricePerUnitWithLoyaltyCard": null,
    "imageUrl": "https://rimibaltic-res.cloudinary.com/image/upload/d_ecommerce:backend-fallback.png/MAT_7298279_PCE_LV",
    "available": true,
    "discount": null
  },
  {
    "shop": "RIMI",
    "categories": [
      1,
      1001,
      10010016
    ],
    "productName": "Arom. degvīns Nemiroff Birch Special 40% 0,7l",
    "productPriceOld": null,
    "productPrice": {
      "value": 17.99,
      "unit": "€/gab"
    },
    "productPricePerUnit": {
      "value": 25.7,
      "unit": "€/l"
    },
    "productPriceWithLoyaltyCard": null,
    "productPricePerUnitWithLoyaltyCard": null,
    "imageUrl": "https://rimibaltic-res.cloudinary.com/image/upload/d_ecommerce:backend-fallback.png/MAT_649512_PCE_LV",
    "available": true,
    "discount": null
  },
  {
    "shop": "RIMI",
    "categories": [
      1,
      1001,
      10010016
    ],
    "productName": "Degvīns Nemiroff Delikat 40% 0,7l",
    "productPriceOld": null,
    "productPrice": {
      "value": 17.99,
      "unit": "€/gab"
    },
    "productPricePerUnit": {
      "value": 25.7,
      "unit": "€/l"
    },
    "productPriceWithLoyaltyCard": null,
    "productPricePerUnitWithLoyaltyCard": null,
    "imageUrl": "https://rimibaltic-res.cloudinary.com/image/upload/d_ecommerce:backend-fallback.png/MAT_7009269_PCE_LV",
    "available": true,
    "discount": null
  },
  {
    "shop": "RIMI",
    "categories": [
      1,
      1001,
      10010016
    ],
    "productName": "Degvīns Morosha Spring 40% 0,7l",
    "productPriceOld": null,
    "productPrice": {
      "value": 17.99,
      "unit": "€/gab"
    },
    "productPricePerUnit": {
      "value": 25.7,
      "unit": "€/l"
    },
    "productPriceWithLoyaltyCard": null,
    "productPricePerUnitWithLoyaltyCard": null,
    "imageUrl": "https://rimibaltic-res.cloudinary.com/image/upload/d_ecommerce:backend-fallback.png/MAT_7277242_PCE_LV",
    "available": true,
    "discount": null
  },
  {
    "shop": "RIMI",
    "categories": [
      1,
      1001,
      10010016
    ],
    "productName": "Degvīns Morosha Carpathian 40% 0,7l",
    "productPriceOld": null,
    "productPrice": {
      "value": 17.99,
      "unit": "€/gab"
    },
    "productPricePerUnit": {
      "value": 25.7,
      "unit": "€/l"
    },
    "productPriceWithLoyaltyCard": null,
    "productPricePerUnitWithLoyaltyCard": null,
    "imageUrl": "https://rimibaltic-res.cloudinary.com/image/upload/d_ecommerce:backend-fallback.png/MAT_7277243_PCE_LV",
    "available": true,
    "discount": null
  },
  {
    "shop": "MAXIMA",
    "categories": [
      1,
      1001,
      10010016
    ],
    "productName": "Aromātisks degvīns NEMIROFF Honey Pepper 40% 0,7L",
    "productPriceOld": null,
    "productPrice": {
      "value": 17.99,
      "unit": "€"
    },
    "productPricePerUnit": {
      "value": 25.7,
      "unit": "€/l"
    },
    "productPriceWithLoyaltyCard": null,
    "productPricePerUnitWithLoyaltyCard": null,
    "imageUrl": "https://cdn.barbora.lv/products/3a0b60bb-f922-4ba9-a34a-76043fe76850_s.png",
    "available": true,
    "discount": null
  },
  {
    "shop": "MAXIMA",
    "categories": [
      1,
      1001,
      10010016
    ],
    "productName": "Degvīns NEMIROFF Birch Special 40% 0,7L",
    "productPriceOld": null,
    "productPrice": {
      "value": 17.99,
      "unit": "€"
    },
    "productPricePerUnit": {
      "value": 25.7,
      "unit": "€/l"
    },
    "productPriceWithLoyaltyCard": null,
    "productPricePerUnitWithLoyaltyCard": null,
    "imageUrl": "https://cdn.barbora.lv/products/1a05bfe7-70dc-4f2f-84d8-258e1f23dc69_s.png",
    "available": true,
    "discount": null
  },
  {
    "shop": "MAXIMA",
    "categories": [
      1,
      1001,
      10010016
    ],
    "productName": "Degvīns NEMIROFF DELIKAT 40% 0,7L",
    "productPriceOld": null,
    "productPrice": {
      "value": 17.99,
      "unit": "€"
    },
    "productPricePerUnit": {
      "value": 25.7,
      "unit": "€/l"
    },
    "productPriceWithLoyaltyCard": null,
    "productPricePerUnitWithLoyaltyCard": null,
    "imageUrl": "https://cdn.barbora.lv/products/230ebe8f-00b2-4be7-b64a-9430cf13f86f_s.png",
    "available": true,
    "discount": null
  },
  {
    "shop": "MAXIMA",
    "categories": [
      1,
      1001,
      1001007
    ],
    "productName": "Rums CAPTAIN MORGAN WHITE 37,5% 0,7l",
    "productPriceOld": null,
    "productPrice": {
      "value": 17.99,
      "unit": "€"
    },
    "productPricePerUnit": {
      "value": 25.7,
      "unit": "€/l"
    },
    "productPriceWithLoyaltyCard": null,
    "productPricePerUnitWithLoyaltyCard": null,
    "imageUrl": "https://cdn.barbora.lv/products/d9da88d3-e454-464f-8da0-7a05d244f9c2_s.png",
    "available": true,
    "discount": null
  },
  {
    "shop": "MAXIMA",
    "categories": [
      1,
      1001,
      10010016
    ],
    "productName": "Degvīns FIVE LAKES PREMIUM 40% 0,7L",
    "productPriceOld": null,
    "productPrice": {
      "value": 17.99,
      "unit": "€"
    },
    "productPricePerUnit": {
      "value": 25.7,
      "unit": "€/l"
    },
    "productPriceWithLoyaltyCard": null,
    "productPricePerUnitWithLoyaltyCard": null,
    "imageUrl": "https://cdn.barbora.lv/products/e02741e5-2730-43a6-ac06-f544f978defd_s.png",
    "available": true,
    "discount": null
  },
  {
    "shop": "CITRO",
    "categories": [
      1,
      1001,
      10010014
    ],
    "productName": "BALZAMS RĪGAS MELNAIS 45% 0.7L",
    "productPriceOld": null,
    "productPrice": null,
    "productPricePerUnit": {
      "value": 25.7,
      "unit": "€/L"
    },
    "productPriceWithLoyaltyCard": null,
    "productPricePerUnitWithLoyaltyCard": null,
    "imageUrl": "https://rezekne.citro.lv/wp-content/uploads/2020/12/4750021101380-300x300.jpg",
    "available": true,
    "discount": null
  },
  {
    "shop": "CITRO",
    "categories": [
      1,
      1001,
      10010012
    ],
    "productName": "DŽINS BEEFEATRER 40% 0.7L",
    "productPriceOld": null,
    "productPrice": null,
    "productPricePerUnit": {
      "value": 25.7,
      "unit": "€/L"
    },
    "productPriceWithLoyaltyCard": null,
    "productPricePerUnitWithLoyaltyCard": null,
    "imageUrl": "https://rezekne.citro.lv/wp-content/uploads/2021/07/5000329002193-300x300.jpg",
    "available": true,
    "discount": null
  },
  {
    "shop": "CITRO",
    "categories": [
      1,
      1001,
      10010014
    ],
    "productName": "BALZAMS RĪGA BLACK BALSAM CURRANT 30% 0.7L",
    "productPriceOld": null,
    "productPrice": null,
    "productPricePerUnit": {
      "value": 25.7,
      "unit": "€/L"
    },
    "productPriceWithLoyaltyCard": null,
    "productPricePerUnitWithLoyaltyCard": null,
    "imageUrl": "https://rezekne.citro.lv/wp-content/uploads/2020/04/4750021538377-300x300.jpg",
    "available": true,
    "discount": null
  },
  {
    "shop": "RIMI",
    "categories": [
      1,
      1001,
      10010013
    ],
    "productName": "Liķieris Jagermeister 35% 1,75l",
    "productPriceOld": null,
    "productPrice": {
      "value": 44.99,
      "unit": "€/gab"
    },
    "productPricePerUnit": {
      "value": 25.71,
      "unit": "€/l"
    },
    "productPriceWithLoyaltyCard": null,
    "productPricePerUnitWithLoyaltyCard": null,
    "imageUrl": "https://rimibaltic-res.cloudinary.com/image/upload/d_ecommerce:backend-fallback.png/MAT_794248_PCE_LV",
    "available": true,
    "discount": null
  },
  {
    "shop": "MAXIMA",
    "categories": [
      2,
      2001,
      20010015
    ],
    "productName": "Lēcu kraukšķi ar siera un trifeļu g. 70g",
    "productPriceOld": null,
    "productPrice": {
      "value": 1.8,
      "unit": "€"
    },
    "productPricePerUnit": {
      "value": 25.71,
      "unit": "€/kg"
    },
    "productPriceWithLoyaltyCard": null,
    "productPricePerUnitWithLoyaltyCard": null,
    "imageUrl": "https://cdn.barbora.lv/products/8b65b3b0-14c7-45a9-9d67-eff76e0d5599_s.png",
    "available": true,
    "discount": null
  },
  {
    "shop": "MAXIMA",
    "categories": [
      2,
      2001,
      20010015
    ],
    "productName": "Lēcu kraukšķi ar zilā siera garšu 70g",
    "productPriceOld": null,
    "productPrice": {
      "value": 1.8,
      "unit": "€"
    },
    "productPricePerUnit": {
      "value": 25.71,
      "unit": "€/kg"
    },
    "productPriceWithLoyaltyCard": null,
    "productPricePerUnitWithLoyaltyCard": null,
    "imageUrl": "https://cdn.barbora.lv/products/84c722df-2b24-4c88-9e3b-852f36ae48e2_s.png",
    "available": true,
    "discount": null
  },
  {
    "shop": "MAXIMA",
    "categories": [
      2,
      2001,
      20010015
    ],
    "productName": "Lēcu kraukšķi ar BBQ garšu 70g",
    "productPriceOld": null,
    "productPrice": {
      "value": 1.8,
      "unit": "€"
    },
    "productPricePerUnit": {
      "value": 25.71,
      "unit": "€/kg"
    },
    "productPriceWithLoyaltyCard": null,
    "productPricePerUnitWithLoyaltyCard": null,
    "imageUrl": "https://cdn.barbora.lv/products/256df479-1851-4eb2-8c5d-cd6fed492fa7_s.png",
    "available": true,
    "discount": null
  },
  {
    "shop": "RIMI",
    "categories": [
      1,
      1001,
      10010019
    ],
    "productName": "Alkoholisks dzēriens Stumbro Starka 43% 0,5l",
    "productPriceOld": null,
    "productPrice": {
      "value": 12.89,
      "unit": "€/gab"
    },
    "productPricePerUnit": {
      "value": 25.78,
      "unit": "€/l"
    },
    "productPriceWithLoyaltyCard": null,
    "productPricePerUnitWithLoyaltyCard": null,
    "imageUrl": "https://rimibaltic-res.cloudinary.com/image/upload/d_ecommerce:backend-fallback.png/MAT_688925_PCE_LV",
    "available": true,
    "discount": null
  },
  {
    "shop": "RIMI",
    "categories": [
      1,
      1001,
      10010019
    ],
    "productName": "Alkoholisks dzēriens Stumbro Starka 43% 0,5l",
    "productPriceOld": null,
    "productPrice": {
      "value": 12.89,
      "unit": "€/gab"
    },
    "productPricePerUnit": {
      "value": 25.78,
      "unit": "€/l"
    },
    "productPriceWithLoyaltyCard": null,
    "productPricePerUnitWithLoyaltyCard": null,
    "imageUrl": "https://rimibaltic-res.cloudinary.com/image/upload/d_ecommerce:backend-fallback.png/MAT_688925_PCE_LV",
    "available": true,
    "discount": null
  },
  {
    "shop": "MAXIMA",
    "categories": [
      1,
      1001,
      10010013
    ],
    "productName": "Uzlējums STUMBRO STARKA 43% 0,5l",
    "productPriceOld": null,
    "productPrice": {
      "value": 12.89,
      "unit": "€"
    },
    "productPricePerUnit": {
      "value": 25.78,
      "unit": "€/l"
    },
    "productPriceWithLoyaltyCard": null,
    "productPricePerUnitWithLoyaltyCard": null,
    "imageUrl": "https://cdn.barbora.lv/products/bc4a7054-bcf0-48ad-af39-397c23040b91_s.png",
    "available": true,
    "discount": null
  },
  {
    "shop": "RIMI",
    "categories": [
      1,
      1001,
      1001009
    ],
    "productName": "Viskijs Black Ram 40% 1l",
    "productPriceOld": null,
    "productPrice": {
      "value": 25.79,
      "unit": "€/gab"
    },
    "productPricePerUnit": {
      "value": 25.79,
      "unit": "€/l"
    },
    "productPriceWithLoyaltyCard": null,
    "productPricePerUnitWithLoyaltyCard": null,
    "imageUrl": "https://rimibaltic-res.cloudinary.com/image/upload/d_ecommerce:backend-fallback.png/MAT_7298267_PCE_LV",
    "available": true,
    "discount": null
  },
  {
    "shop": "RIMI",
    "categories": [
      1,
      1001,
      1001003
    ],
    "productName": "B.v.Leyda Single Vineyard Sauvign.12,5% 0,75l",
    "productPriceOld": null,
    "productPrice": {
      "value": 19.35,
      "unit": "€/gab"
    },
    "productPricePerUnit": {
      "value": 25.8,
      "unit": "€/l"
    },
    "productPriceWithLoyaltyCard": null,
    "productPricePerUnitWithLoyaltyCard": null,
    "imageUrl": "https://rimibaltic-res.cloudinary.com/image/upload/d_ecommerce:backend-fallback.png/MAT_7182219_PCE_LV",
    "available": true,
    "discount": null
  },
  {
    "shop": "RIMI",
    "categories": [
      1,
      1001,
      1001003
    ],
    "productName": "B.v.Leyda Single Vineyard Sauvign.12,5% 0,75l",
    "productPriceOld": null,
    "productPrice": {
      "value": 19.35,
      "unit": "€/gab"
    },
    "productPricePerUnit": {
      "value": 25.8,
      "unit": "€/l"
    },
    "productPriceWithLoyaltyCard": null,
    "productPricePerUnitWithLoyaltyCard": null,
    "imageUrl": "https://rimibaltic-res.cloudinary.com/image/upload/d_ecommerce:backend-fallback.png/MAT_7182219_PCE_LV",
    "available": true,
    "discount": null
  },
  {
    "shop": "RIMI",
    "categories": [
      1,
      1001,
      1001003
    ],
    "productName": "S.v. Vina Leyda Pinot Noir 13% 0,75l",
    "productPriceOld": null,
    "productPrice": {
      "value": 19.35,
      "unit": "€/gab"
    },
    "productPricePerUnit": {
      "value": 25.8,
      "unit": "€/l"
    },
    "productPriceWithLoyaltyCard": null,
    "productPricePerUnitWithLoyaltyCard": null,
    "imageUrl": "https://rimibaltic-res.cloudinary.com/image/upload/d_ecommerce:backend-fallback.png/MAT_123133_PCE_LV",
    "available": true,
    "discount": null
  },
  {
    "shop": "MAXIMA",
    "categories": [
      1,
      1001,
      1001003
    ],
    "productName": "Vīns V.LEYDA SV PINOT NOIR 13,5% 0,75L",
    "productPriceOld": null,
    "productPrice": {
      "value": 19.35,
      "unit": "€"
    },
    "productPricePerUnit": {
      "value": 25.8,
      "unit": "€/l"
    },
    "productPriceWithLoyaltyCard": null,
    "productPricePerUnitWithLoyaltyCard": null,
    "imageUrl": "https://cdn.barbora.lv/products/c1112124-4e38-41b7-8675-fd5abb27ed49_s.png",
    "available": true,
    "discount": null
  },
  {
    "shop": "RIMI",
    "categories": [
      1,
      1001,
      1001003
    ],
    "productName": "R.v.B&G Cotes De Prov.Rose12,5% 0,75l",
    "productPriceOld": null,
    "productPrice": {
      "value": 19.39,
      "unit": "€/gab"
    },
    "productPricePerUnit": {
      "value": 25.85,
      "unit": "€/l"
    },
    "productPriceWithLoyaltyCard": null,
    "productPricePerUnitWithLoyaltyCard": null,
    "imageUrl": "https://rimibaltic-res.cloudinary.com/image/upload/d_ecommerce:backend-fallback.png/MAT_7163633_PCE_LV",
    "available": true,
    "discount": null
  },
  {
    "shop": "MAXIMA",
    "categories": [
      1,
      1001,
      1001003
    ],
    "productName": "Vīns PENFOLDS Chardonnay 13% 0,75L",
    "productPriceOld": null,
    "productPrice": {
      "value": 19.39,
      "unit": "€"
    },
    "productPricePerUnit": {
      "value": 25.85,
      "unit": "€/l"
    },
    "productPriceWithLoyaltyCard": null,
    "productPricePerUnitWithLoyaltyCard": null,
    "imageUrl": "https://cdn.barbora.lv/products/068377bb-2f4b-4ffe-9784-6fa7a3d0af36_s.png",
    "available": true,
    "discount": null
  },
  {
    "shop": "RIMI",
    "categories": [
      1,
      1001,
      1001003
    ],
    "productName": "S.v. Zantho Pinot Noir Reserve 13,5% 0,75l",
    "productPriceOld": null,
    "productPrice": {
      "value": 19.45,
      "unit": "€/gab"
    },
    "productPricePerUnit": {
      "value": 25.93,
      "unit": "€/l"
    },
    "productPriceWithLoyaltyCard": null,
    "productPricePerUnitWithLoyaltyCard": null,
    "imageUrl": "https://rimibaltic-res.cloudinary.com/image/upload/d_ecommerce:backend-fallback.png/MAT_7234131_PCE_LV",
    "available": true,
    "discount": null
  },
  {
    "shop": "MAXIMA",
    "categories": [
      1,
      1001,
      10010016
    ],
    "productName": "Degvīns ABSOLUT 40% 0,7l",
    "productPriceOld": null,
    "productPrice": {
      "value": 18.18,
      "unit": "€"
    },
    "productPricePerUnit": {
      "value": 25.97,
      "unit": "€/l"
    },
    "productPriceWithLoyaltyCard": null,
    "productPricePerUnitWithLoyaltyCard": null,
    "imageUrl": "https://cdn.barbora.lv/products/0458b345-ea24-4de0-9358-8e424665505e_s.png",
    "available": true,
    "discount": null
  },
  {
    "shop": "RIMI",
    "categories": [
      1,
      1001,
      10010013
    ],
    "productName": "Liķieris Vana Tallinn 40% 0,5l Stikls",
    "productPriceOld": null,
    "productPrice": {
      "value": 12.99,
      "unit": "€/gab"
    },
    "productPricePerUnit": {
      "value": 25.98,
      "unit": "€/l"
    },
    "productPriceWithLoyaltyCard": null,
    "productPricePerUnitWithLoyaltyCard": null,
    "imageUrl": "https://rimibaltic-res.cloudinary.com/image/upload/d_ecommerce:backend-fallback.png/MAT_100818_PCE_LV",
    "available": true,
    "discount": null
  },
  {
    "shop": "RIMI",
    "categories": [
      1,
      1001,
      1001009
    ],
    "productName": "Viskijs Jameson 40% 0,5l",
    "productPriceOld": null,
    "productPrice": {
      "value": 12.99,
      "unit": "€/gab"
    },
    "productPricePerUnit": {
      "value": 25.98,
      "unit": "€/l"
    },
    "productPriceWithLoyaltyCard": null,
    "productPricePerUnitWithLoyaltyCard": null,
    "imageUrl": "https://rimibaltic-res.cloudinary.com/image/upload/d_ecommerce:backend-fallback.png/MAT_685759_PCE_LV",
    "available": true,
    "discount": null
  },
  {
    "shop": "RIMI",
    "categories": [
      1,
      1001,
      10010010
    ],
    "productName": "Brendijs Ararat 3* 40% 0,5l",
    "productPriceOld": null,
    "productPrice": {
      "value": 18.35,
      "unit": "€/gab"
    },
    "productPricePerUnit": {
      "value": 36.7,
      "unit": "€/l"
    },
    "productPriceWithLoyaltyCard": {
      "value": 12.99,
      "unit": "€"
    },
    "productPricePerUnitWithLoyaltyCard": {
      "value": 25.98,
      "unit": "€/l"
    },
    "imageUrl": "https://rimibaltic-res.cloudinary.com/image/upload/d_ecommerce:backend-fallback.png/MAT_797199_PCE_LV",
    "available": true,
    "discount": 29
  },
  {
    "shop": "MAXIMA",
    "categories": [
      1,
      1001,
      10010010
    ],
    "productName": "Brendijs AZNAURI Gold Reserve 40% 0,5L",
    "productPriceOld": {
      "value": 18.22,
      "unit": "€"
    },
    "productPrice": {
      "value": 18.22,
      "unit": "€"
    },
    "productPricePerUnit": {
      "value": 36.44,
      "unit": "€/l"
    },
    "productPriceWithLoyaltyCard": {
      "value": 12.99,
      "unit": "€"
    },
    "productPricePerUnitWithLoyaltyCard": {
      "value": 25.98,
      "unit": "€/l"
    },
    "imageUrl": "https://cdn.barbora.lv/products/3ad74021-d0f5-4a1f-a8e5-9cc63e84cc93_s.png",
    "available": true,
    "discount": 29
  },
  {
    "shop": "MAXIMA",
    "categories": [
      1,
      1001,
      10010013
    ],
    "productName": "Liķieris LIMONCINO GRAPPA 30% 0,5L",
    "productPriceOld": {
      "value": 19.82,
      "unit": "€"
    },
    "productPrice": {
      "value": 12.99,
      "unit": "€"
    },
    "productPricePerUnit": {
      "value": 25.98,
      "unit": "€/l"
    },
    "productPriceWithLoyaltyCard": null,
    "productPricePerUnitWithLoyaltyCard": null,
    "imageUrl": "https://cdn.barbora.lv/products/0c2e98ee-74ba-4c13-b287-14afbf9b04c6_s.png",
    "available": true,
    "discount": 34
  },
  {
    "shop": "MAXIMA",
    "categories": [
      1,
      1001,
      10010016
    ],
    "productName": "Degvīns FIVE LAKES PREMIUM 40% 0,5L",
    "productPriceOld": null,
    "productPrice": {
      "value": 12.99,
      "unit": "€"
    },
    "productPricePerUnit": {
      "value": 25.98,
      "unit": "€/l"
    },
    "productPriceWithLoyaltyCard": null,
    "productPricePerUnitWithLoyaltyCard": null,
    "imageUrl": "https://cdn.barbora.lv/products/64861745-e4ff-4eb9-b584-2662a0cd6bfc_s.png",
    "available": true,
    "discount": null
  },
  {
    "shop": "MAXIMA",
    "categories": [
      1,
      1001,
      10010019
    ],
    "productName": "Stiprs alkoholiskais dzēriens CHACHA TBILVINO AGED 40% 0,5L",
    "productPriceOld": {
      "value": 16.55,
      "unit": "€"
    },
    "productPrice": {
      "value": 16.55,
      "unit": "€"
    },
    "productPricePerUnit": {
      "value": 33.1,
      "unit": "€/l"
    },
    "productPriceWithLoyaltyCard": {
      "value": 12.99,
      "unit": "€"
    },
    "productPricePerUnitWithLoyaltyCard": {
      "value": 25.98,
      "unit": "€/l"
    },
    "imageUrl": "https://cdn.barbora.lv/products/1fb6b9d1-070b-467d-853e-97ca6bf99585_s.png",
    "available": true,
    "discount": 22
  },
  {
    "shop": "CITRO",
    "categories": [
      1,
      1001,
      10010016
    ],
    "productName": "DEGVĪNS ABSOLUT VODKA 40% 0.5L",
    "productPriceOld": null,
    "productPrice": null,
    "productPricePerUnit": {
      "value": 25.98,
      "unit": "€/L"
    },
    "productPriceWithLoyaltyCard": null,
    "productPricePerUnitWithLoyaltyCard": null,
    "imageUrl": "https://rezekne.citro.lv/wp-content/uploads/2023/01/7312040017072-300x300.jpg",
    "available": true,
    "discount": null
  },
  {
    "shop": "CITRO",
    "categories": [
      1,
      1001,
      1001009
    ],
    "productName": "VISKIJS JIM BEAM 40% 1L",
    "productPriceOld": null,
    "productPrice": null,
    "productPricePerUnit": {
      "value": 25.99,
      "unit": "€/L"
    },
    "productPriceWithLoyaltyCard": null,
    "productPricePerUnitWithLoyaltyCard": null,
    "imageUrl": "https://rezekne.citro.lv/wp-content/uploads/2021/02/5010196092142-300x300.jpg",
    "available": true,
    "discount": null
  },
  {
    "shop": "MAXIMA",
    "categories": [
      1,
      1001,
      1001007
    ],
    "productName": "Rums BACARDI CARTA ORO 37,5% 0,7L",
    "productPriceOld": null,
    "productPrice": {
      "value": 18.23,
      "unit": "€"
    },
    "productPricePerUnit": {
      "value": 26.04,
      "unit": "€/l"
    },
    "productPriceWithLoyaltyCard": null,
    "productPricePerUnitWithLoyaltyCard": null,
    "imageUrl": "https://cdn.barbora.lv/products/9a87916b-60f9-4c67-b0ed-5bcd18d8792d_s.png",
    "available": true,
    "discount": null
  },
  {
    "shop": "RIMI",
    "categories": [
      1,
      1001,
      10010016
    ],
    "productName": "Degvīns Stumbras Vodka dzērveņu 40% 0,7l",
    "productPriceOld": null,
    "productPrice": {
      "value": 18.25,
      "unit": "€/gab"
    },
    "productPricePerUnit": {
      "value": 26.07,
      "unit": "€/l"
    },
    "productPriceWithLoyaltyCard": null,
    "productPricePerUnitWithLoyaltyCard": null,
    "imageUrl": "https://rimibaltic-res.cloudinary.com/image/upload/d_ecommerce:backend-fallback.png/MAT_7240746_PCE_LV",
    "available": true,
    "discount": null
  },
  {
    "shop": "RIMI",
    "categories": [
      1,
      1001,
      10010016
    ],
    "productName": "Degvīns Stumbras Vodka 40% 0,7l",
    "productPriceOld": null,
    "productPrice": {
      "value": 18.25,
      "unit": "€/gab"
    },
    "productPricePerUnit": {
      "value": 26.07,
      "unit": "€/l"
    },
    "productPriceWithLoyaltyCard": null,
    "productPricePerUnitWithLoyaltyCard": null,
    "imageUrl": "https://rimibaltic-res.cloudinary.com/image/upload/d_ecommerce:backend-fallback.png/MAT_689706_PCE_LV",
    "available": true,
    "discount": null
  },
  {
    "shop": "RIMI",
    "categories": [
      1,
      1001,
      10010016
    ],
    "productName": "Degvīns Stumbras Vodka 40% 0,7l",
    "productPriceOld": null,
    "productPrice": {
      "value": 18.25,
      "unit": "€/gab"
    },
    "productPricePerUnit": {
      "value": 26.07,
      "unit": "€/l"
    },
    "productPriceWithLoyaltyCard": null,
    "productPricePerUnitWithLoyaltyCard": null,
    "imageUrl": "https://rimibaltic-res.cloudinary.com/image/upload/d_ecommerce:backend-fallback.png/MAT_689706_PCE_LV",
    "available": true,
    "discount": null
  },
  {
    "shop": "RIMI",
    "categories": [
      1,
      1001,
      1001009
    ],
    "productName": "Viskijs William Peel Finest Scotch 40% 0,7l",
    "productPriceOld": null,
    "productPrice": {
      "value": 18.29,
      "unit": "€/gab"
    },
    "productPricePerUnit": {
      "value": 26.13,
      "unit": "€/l"
    },
    "productPriceWithLoyaltyCard": null,
    "productPricePerUnitWithLoyaltyCard": null,
    "imageUrl": "https://rimibaltic-res.cloudinary.com/image/upload/d_ecommerce:backend-fallback.png/MAT_7103881_PCE_LV",
    "available": true,
    "discount": null
  },
  {
    "shop": "MAXIMA",
    "categories": [
      1,
      1001,
      10010016
    ],
    "productName": "Ar.degv.NEMIROFF Burning Pear 37,5% 0,7L",
    "productPriceOld": null,
    "productPrice": {
      "value": 18.29,
      "unit": "€"
    },
    "productPricePerUnit": {
      "value": 26.13,
      "unit": "€/l"
    },
    "productPriceWithLoyaltyCard": null,
    "productPricePerUnitWithLoyaltyCard": null,
    "imageUrl": "https://cdn.barbora.lv/products/a207c792-0eb5-4d7c-84bb-e567f8502c40_s.png",
    "available": true,
    "discount": null
  },
  {
    "shop": "RIMI",
    "categories": [
      1,
      1001,
      10010013
    ],
    "productName": "Liķieris Allažu Ķimelis 40% 0,35l",
    "productPriceOld": null,
    "productPrice": {
      "value": 9.15,
      "unit": "€/gab"
    },
    "productPricePerUnit": {
      "value": 26.14,
      "unit": "€/l"
    },
    "productPriceWithLoyaltyCard": null,
    "productPricePerUnitWithLoyaltyCard": null,
    "imageUrl": "https://rimibaltic-res.cloudinary.com/image/upload/d_ecommerce:backend-fallback.png/MAT_460038_PCE_LV",
    "available": true,
    "discount": null
  },
  {
    "shop": "MAXIMA",
    "categories": [
      1,
      1001,
      1001009
    ],
    "productName": "Viskijs JAMESON 40% 0,5l",
    "productPriceOld": null,
    "productPrice": {
      "value": 13.08,
      "unit": "€"
    },
    "productPricePerUnit": {
      "value": 26.16,
      "unit": "€/l"
    },
    "productPriceWithLoyaltyCard": null,
    "productPricePerUnitWithLoyaltyCard": null,
    "imageUrl": "https://cdn.barbora.lv/products/3a9edbb6-6316-40e7-ad95-be5df016e4ca_s.png",
    "available": true,
    "discount": null
  },
  {
    "shop": "MAXIMA",
    "categories": [
      1,
      1001,
      10010010
    ],
    "productName": "Brendijs CARITELE 36% 0,7L",
    "productPriceOld": null,
    "productPrice": {
      "value": 18.33,
      "unit": "€"
    },
    "productPricePerUnit": {
      "value": 26.19,
      "unit": "€/l"
    },
    "productPriceWithLoyaltyCard": null,
    "productPricePerUnitWithLoyaltyCard": null,
    "imageUrl": "https://cdn.barbora.lv/products/3e7c12ba-567c-408a-83d9-beb53307527f_s.png",
    "available": true,
    "discount": null
  },
  {
    "shop": "RIMI",
    "categories": [
      1,
      1001,
      1001007
    ],
    "productName": "Rums Captain Morgan White 37,5% 0,7l",
    "productPriceOld": null,
    "productPrice": {
      "value": 18.39,
      "unit": "€/gab"
    },
    "productPricePerUnit": {
      "value": 26.27,
      "unit": "€/l"
    },
    "productPriceWithLoyaltyCard": null,
    "productPricePerUnitWithLoyaltyCard": null,
    "imageUrl": "https://rimibaltic-res.cloudinary.com/image/upload/d_ecommerce:backend-fallback.png/MAT_7107413_PCE_LV",
    "available": true,
    "discount": null
  },
  {
    "shop": "MAXIMA",
    "categories": [
      1,
      1001,
      1001003
    ],
    "productName": "Vīns FAUSTINO V RESERVA DOC 13% 0,75L",
    "productPriceOld": null,
    "productPrice": {
      "value": 19.75,
      "unit": "€"
    },
    "productPricePerUnit": {
      "value": 26.33,
      "unit": "€/l"
    },
    "productPriceWithLoyaltyCard": null,
    "productPricePerUnitWithLoyaltyCard": null,
    "imageUrl": "https://cdn.barbora.lv/products/032c40ec-ef77-48a8-a0d0-1aa03c890597_s.png",
    "available": true,
    "discount": null
  },
  {
    "shop": "RIMI",
    "categories": [
      1,
      1001,
      1001003
    ],
    "productName": "S.v. Coto De Imaz Reserva 13,5% 0,75l",
    "productPriceOld": null,
    "productPrice": {
      "value": 19.79,
      "unit": "€/gab"
    },
    "productPricePerUnit": {
      "value": 26.39,
      "unit": "€/l"
    },
    "productPriceWithLoyaltyCard": null,
    "productPricePerUnitWithLoyaltyCard": null,
    "imageUrl": "https://rimibaltic-res.cloudinary.com/image/upload/d_ecommerce:backend-fallback.png/MAT_462031_PCE_LV",
    "available": true,
    "discount": null
  },
  {
    "shop": "RIMI",
    "categories": [
      1,
      1001,
      1001009
    ],
    "productName": "Viskijs Canadian Special Old 40% 0,7l",
    "productPriceOld": null,
    "productPrice": {
      "value": 18.49,
      "unit": "€/gab"
    },
    "productPricePerUnit": {
      "value": 26.41,
      "unit": "€/l"
    },
    "productPriceWithLoyaltyCard": null,
    "productPricePerUnitWithLoyaltyCard": null,
    "imageUrl": "https://rimibaltic-res.cloudinary.com/image/upload/d_ecommerce:backend-fallback.png/MAT_678807_PCE_LV",
    "available": true,
    "discount": null
  },
  {
    "shop": "RIMI",
    "categories": [
      1,
      1001,
      10010016
    ],
    "productName": "Degvīns Absolut 40% 0,7l",
    "productPriceOld": null,
    "productPrice": {
      "value": 18.49,
      "unit": "€/gab"
    },
    "productPricePerUnit": {
      "value": 26.41,
      "unit": "€/l"
    },
    "productPriceWithLoyaltyCard": null,
    "productPricePerUnitWithLoyaltyCard": null,
    "imageUrl": "https://rimibaltic-res.cloudinary.com/image/upload/d_ecommerce:backend-fallback.png/MAT_643306_PCE_LV",
    "available": true,
    "discount": null
  },
  {
    "shop": "MAXIMA",
    "categories": [
      1,
      1001,
      1001007
    ],
    "productName": "Rums OLD MONK 7YO 42,8% 0,7L",
    "productPriceOld": {
      "value": 25.83,
      "unit": "€"
    },
    "productPrice": {
      "value": 25.83,
      "unit": "€"
    },
    "productPricePerUnit": {
      "value": 36.9,
      "unit": "€/l"
    },
    "productPriceWithLoyaltyCard": {
      "value": 18.49,
      "unit": "€"
    },
    "productPricePerUnitWithLoyaltyCard": {
      "value": 26.41,
      "unit": "€/l"
    },
    "imageUrl": "https://cdn.barbora.lv/products/2d32d011-f85e-448c-917a-316463afab58_s.png",
    "available": true,
    "discount": 28
  },
  {
    "shop": "RIMI",
    "categories": [
      1,
      1001,
      10010019
    ],
    "productName": "Alk. dzēr. Oakheart Original Spiced 32,5% 1l",
    "productPriceOld": null,
    "productPrice": {
      "value": 26.49,
      "unit": "€/gab"
    },
    "productPricePerUnit": {
      "value": 26.49,
      "unit": "€/l"
    },
    "productPriceWithLoyaltyCard": null,
    "productPricePerUnitWithLoyaltyCard": null,
    "imageUrl": "https://rimibaltic-res.cloudinary.com/image/upload/d_ecommerce:backend-fallback.png/MAT_7293782_PCE_LV",
    "available": true,
    "discount": null
  },
  {
    "shop": "MAXIMA",
    "categories": [
      1,
      1001,
      1001009
    ],
    "productName": "Viskijs Scottish Collie 40% 0,7L",
    "productPriceOld": null,
    "productPrice": {
      "value": 18.55,
      "unit": "€"
    },
    "productPricePerUnit": {
      "value": 26.5,
      "unit": "€/l"
    },
    "productPriceWithLoyaltyCard": null,
    "productPricePerUnitWithLoyaltyCard": null,
    "imageUrl": "https://cdn.barbora.lv/products/1811fef1-2201-4b75-9060-0236bfd1b70b_s.png",
    "available": true,
    "discount": null
  },
  {
    "shop": "MAXIMA",
    "categories": [
      2,
      2001,
      20010015
    ],
    "productName": "Čipsi Rice Up brūno rīsu krēj.sīp.g. 60g",
    "productPriceOld": null,
    "productPrice": {
      "value": 1.59,
      "unit": "€"
    },
    "productPricePerUnit": {
      "value": 26.5,
      "unit": "€/kg"
    },
    "productPriceWithLoyaltyCard": null,
    "productPricePerUnitWithLoyaltyCard": null,
    "imageUrl": "https://cdn.barbora.lv/products/ef73258d-43cb-4e72-ba95-ddbbd4c50259_s.png",
    "available": true,
    "discount": null
  },
  {
    "shop": "MAXIMA",
    "categories": [
      2,
      2001,
      20010015
    ],
    "productName": "Čipsi Rice Up brūno rīsu ar barbekjū garšu 60g",
    "productPriceOld": null,
    "productPrice": {
      "value": 1.59,
      "unit": "€"
    },
    "productPricePerUnit": {
      "value": 26.5,
      "unit": "€/kg"
    },
    "productPriceWithLoyaltyCard": null,
    "productPricePerUnitWithLoyaltyCard": null,
    "imageUrl": "https://cdn.barbora.lv/products/ebf64a52-f1ee-4c54-8d56-3be3df969e5d_s.png",
    "available": true,
    "discount": null
  },
  {
    "shop": "RIMI",
    "categories": [
      1,
      1001,
      1001003
    ],
    "productName": "Portvīns Noval Fine Ruby Port 19,5% 0,75l",
    "productPriceOld": null,
    "productPrice": {
      "value": 19.99,
      "unit": "€/gab"
    },
    "productPricePerUnit": {
      "value": 26.65,
      "unit": "€/l"
    },
    "productPriceWithLoyaltyCard": null,
    "productPricePerUnitWithLoyaltyCard": null,
    "imageUrl": "https://rimibaltic-res.cloudinary.com/image/upload/d_ecommerce:backend-fallback.png/MAT_460853_PCE_LV",
    "available": true,
    "discount": null
  },
  {
    "shop": "RIMI",
    "categories": [
      1,
      1001,
      1001003
    ],
    "productName": "S.v. Grimaldi Barbesco Manzola saus.15% 0,75%",
    "productPriceOld": null,
    "productPrice": {
      "value": 28.19,
      "unit": "€/gab"
    },
    "productPricePerUnit": {
      "value": 37.59,
      "unit": "€/l"
    },
    "productPriceWithLoyaltyCard": {
      "value": 19.99,
      "unit": "€"
    },
    "productPricePerUnitWithLoyaltyCard": {
      "value": 26.65,
      "unit": "€/l"
    },
    "imageUrl": "https://rimibaltic-res.cloudinary.com/image/upload/d_ecommerce:backend-fallback.png/MAT_7301100_PCE_LV",
    "available": true,
    "discount": 29
  },
  {
    "shop": "MAXIMA",
    "categories": [
      1,
      1001,
      1001003
    ],
    "productName": "Vīns KIM CRAWFORD MARLB. SB 12,5% 0,75l",
    "productPriceOld": null,
    "productPrice": {
      "value": 19.99,
      "unit": "€"
    },
    "productPricePerUnit": {
      "value": 26.65,
      "unit": "€/l"
    },
    "productPriceWithLoyaltyCard": null,
    "productPricePerUnitWithLoyaltyCard": null,
    "imageUrl": "https://cdn.barbora.lv/products/2b756557-7496-4ed1-aefd-81dc38928e43_s.png",
    "available": true,
    "discount": null
  },
  {
    "shop": "MAXIMA",
    "categories": [
      1,
      1001,
      1001003
    ],
    "productName": "Vīns SARTORI AMARONE DOC 15% 0,75L",
    "productPriceOld": {
      "value": 28.25,
      "unit": "€"
    },
    "productPrice": {
      "value": 28.25,
      "unit": "€"
    },
    "productPricePerUnit": {
      "value": 37.67,
      "unit": "€/l"
    },
    "productPriceWithLoyaltyCard": {
      "value": 19.99,
      "unit": "€"
    },
    "productPricePerUnitWithLoyaltyCard": {
      "value": 26.66,
      "unit": "€/l"
    },
    "imageUrl": "https://cdn.barbora.lv/products/41155d93-cdca-4f75-b80f-618b4f0c3878_s.png",
    "available": true,
    "discount": 29
  },
  {
    "shop": "MAXIMA",
    "categories": [
      1,
      1001,
      1001009
    ],
    "productName": "Viskijs BALLANTINE'S FINEST 40% 1,5l",
    "productPriceOld": null,
    "productPrice": {
      "value": 40.13,
      "unit": "€"
    },
    "productPricePerUnit": {
      "value": 26.75,
      "unit": "€/l"
    },
    "productPriceWithLoyaltyCard": null,
    "productPricePerUnitWithLoyaltyCard": null,
    "imageUrl": "https://cdn.barbora.lv/products/a9aaf3e9-a893-4680-8f08-ddb4feb1e85f_s.png",
    "available": true,
    "discount": null
  },
  {
    "shop": "RIMI",
    "categories": [
      1,
      1001,
      10010016
    ],
    "productName": "Degvīns Danzka Vodka 40% 0,7l",
    "productPriceOld": null,
    "productPrice": {
      "value": 18.75,
      "unit": "€/gab"
    },
    "productPricePerUnit": {
      "value": 26.79,
      "unit": "€/l"
    },
    "productPriceWithLoyaltyCard": null,
    "productPricePerUnitWithLoyaltyCard": null,
    "imageUrl": "https://rimibaltic-res.cloudinary.com/image/upload/d_ecommerce:backend-fallback.png/MAT_140777_PCE_LV",
    "available": true,
    "discount": null
  },
  {
    "shop": "MAXIMA",
    "categories": [
      1,
      1001,
      10010019
    ],
    "productName": "Stiprs alkoholiskais dzēriens CAPTAIN MORGAN SPICED 35% 1l",
    "productPriceOld": null,
    "productPrice": {
      "value": 26.79,
      "unit": "€"
    },
    "productPricePerUnit": {
      "value": 26.79,
      "unit": "€/l"
    },
    "productPriceWithLoyaltyCard": null,
    "productPricePerUnitWithLoyaltyCard": null,
    "imageUrl": "https://cdn.barbora.lv/products/31264b0f-a7c4-49ac-ac38-44d68b8d2c27_s.png",
    "available": true,
    "discount": null
  },
  {
    "shop": "RIMI",
    "categories": [
      1,
      1001,
      10010014
    ],
    "productName": "Balzams Rīgas Melnais upeņu 30% 0,7l",
    "productPriceOld": null,
    "productPrice": {
      "value": 18.79,
      "unit": "€/gab"
    },
    "productPricePerUnit": {
      "value": 26.84,
      "unit": "€/l"
    },
    "productPriceWithLoyaltyCard": null,
    "productPricePerUnitWithLoyaltyCard": null,
    "imageUrl": "https://rimibaltic-res.cloudinary.com/image/upload/d_ecommerce:backend-fallback.png/MAT_7050973_PCE_LV",
    "available": true,
    "discount": null
  },
  {
    "shop": "RIMI",
    "categories": [
      1,
      1001,
      10010016
    ],
    "productName": "Degvīns Pšeņičnaja Lukss 40% 0.7l",
    "productPriceOld": null,
    "productPrice": {
      "value": 18.79,
      "unit": "€/gab"
    },
    "productPricePerUnit": {
      "value": 26.84,
      "unit": "€/l"
    },
    "productPriceWithLoyaltyCard": null,
    "productPricePerUnitWithLoyaltyCard": null,
    "imageUrl": "https://rimibaltic-res.cloudinary.com/image/upload/d_ecommerce:backend-fallback.png/MAT_7087073_PCE_LV",
    "available": true,
    "discount": null
  },
  {
    "shop": "RIMI",
    "categories": [
      1,
      1001,
      10010014
    ],
    "productName": "Balzāms Rīgas Melnais tropiskiskais 30% 0,7l",
    "productPriceOld": null,
    "productPrice": {
      "value": 18.79,
      "unit": "€/gab"
    },
    "productPricePerUnit": {
      "value": 26.84,
      "unit": "€/l"
    },
    "productPriceWithLoyaltyCard": null,
    "productPricePerUnitWithLoyaltyCard": null,
    "imageUrl": "https://rimibaltic-res.cloudinary.com/image/upload/d_ecommerce:backend-fallback.png/MAT_7298171_PCE_LV",
    "available": true,
    "discount": null
  },
  {
    "shop": "MAXIMA",
    "categories": [
      1,
      1001,
      1001009
    ],
    "productName": "Viskijs HIGHLAND QUEEN 40% 0,5L",
    "productPriceOld": null,
    "productPrice": {
      "value": 13.45,
      "unit": "€"
    },
    "productPricePerUnit": {
      "value": 26.9,
      "unit": "€/l"
    },
    "productPriceWithLoyaltyCard": null,
    "productPricePerUnitWithLoyaltyCard": null,
    "imageUrl": "https://cdn.barbora.lv/products/a547d480-f65a-433b-af40-f8bbc9f84655_s.png",
    "available": true,
    "discount": null
  },
  {
    "shop": "MAXIMA",
    "categories": [
      1,
      1001,
      1001003
    ],
    "productName": "Desertvīns TORRES FLORALIS MOSC.15% 0,5l",
    "productPriceOld": null,
    "productPrice": {
      "value": 13.49,
      "unit": "€"
    },
    "productPricePerUnit": {
      "value": 26.98,
      "unit": "€/l"
    },
    "productPriceWithLoyaltyCard": null,
    "productPricePerUnitWithLoyaltyCard": null,
    "imageUrl": "https://cdn.barbora.lv/products/19a1d6d4-d49b-4a13-b8d4-c30828d4d76e_s.png",
    "available": true,
    "discount": null
  },
  {
    "shop": "MAXIMA",
    "categories": [
      1,
      1001,
      10010012
    ],
    "productName": "Džins KADA Kadaka 37,5% 0,5L",
    "productPriceOld": null,
    "productPrice": {
      "value": 13.49,
      "unit": "€"
    },
    "productPricePerUnit": {
      "value": 26.98,
      "unit": "€/l"
    },
    "productPriceWithLoyaltyCard": null,
    "productPricePerUnitWithLoyaltyCard": null,
    "imageUrl": "https://cdn.barbora.lv/products/20e1e78c-5e1e-4ee0-9ce2-5507abbdb019_s.png",
    "available": true,
    "discount": null
  },
  {
    "shop": "MAXIMA",
    "categories": [
      1,
      1001,
      10010012
    ],
    "productName": "Džins KADA Rabarberu 37,5% 0,5L",
    "productPriceOld": null,
    "productPrice": {
      "value": 13.49,
      "unit": "€"
    },
    "productPricePerUnit": {
      "value": 26.98,
      "unit": "€/l"
    },
    "productPriceWithLoyaltyCard": null,
    "productPricePerUnitWithLoyaltyCard": null,
    "imageUrl": "https://cdn.barbora.lv/products/7c7dbb7b-0da9-4dd3-91a8-7f033493501c_s.png",
    "available": true,
    "discount": null
  },
  {
    "shop": "MAXIMA",
    "categories": [
      1,
      1001,
      1001009
    ],
    "productName": "Viskijs LABEL 5 40% 0,7l",
    "productPriceOld": null,
    "productPrice": {
      "value": 18.91,
      "unit": "€"
    },
    "productPricePerUnit": {
      "value": 27.01,
      "unit": "€/l"
    },
    "productPriceWithLoyaltyCard": null,
    "productPricePerUnitWithLoyaltyCard": null,
    "imageUrl": "https://cdn.barbora.lv/products/307c5c27-7073-4a5b-bc7a-9d8db732cfe1_s.png",
    "available": true,
    "discount": null
  },
  {
    "shop": "RIMI",
    "categories": [
      1,
      1001,
      1001003
    ],
    "productName": "S.v. Torres Gran Coronas 14,5% 0,75l",
    "productPriceOld": null,
    "productPrice": {
      "value": 20.29,
      "unit": "€/gab"
    },
    "productPricePerUnit": {
      "value": 27.05,
      "unit": "€/l"
    },
    "productPriceWithLoyaltyCard": null,
    "productPricePerUnitWithLoyaltyCard": null,
    "imageUrl": "https://rimibaltic-res.cloudinary.com/image/upload/d_ecommerce:backend-fallback.png/MAT_101690_PCE_LV",
    "available": true,
    "discount": null
  },
  {
    "shop": "MAXIMA",
    "categories": [
      1,
      1001,
      1001003
    ],
    "productName": "Vīns TORRES GRAN CORONAS 14% 0,75L",
    "productPriceOld": null,
    "productPrice": {
      "value": 20.29,
      "unit": "€"
    },
    "productPricePerUnit": {
      "value": 27.05,
      "unit": "€/l"
    },
    "productPriceWithLoyaltyCard": null,
    "productPricePerUnitWithLoyaltyCard": null,
    "imageUrl": "https://cdn.barbora.lv/products/875874fe-4d8e-4a16-92cf-002f315395f5_s.png",
    "available": true,
    "discount": null
  },
  {
    "shop": "MAXIMA",
    "categories": [
      1,
      1001,
      1001003
    ],
    "productName": "Vīns MOUTON CADET Medoc Reserve 12%0,75L",
    "productPriceOld": null,
    "productPrice": {
      "value": 20.29,
      "unit": "€"
    },
    "productPricePerUnit": {
      "value": 27.05,
      "unit": "€/l"
    },
    "productPriceWithLoyaltyCard": null,
    "productPricePerUnitWithLoyaltyCard": null,
    "imageUrl": "https://cdn.barbora.lv/products/1ead2a02-f6d3-4e42-847c-52b5f8ab6f26_s.png",
    "available": true,
    "discount": null
  },
  {
    "shop": "MAXIMA",
    "categories": [
      1,
      1001,
      1001003
    ],
    "productName": "Vīns MASCA DEL TACCO BIANCO 13% 0,75L",
    "productPriceOld": null,
    "productPrice": {
      "value": 20.29,
      "unit": "€"
    },
    "productPricePerUnit": {
      "value": 27.05,
      "unit": "€/l"
    },
    "productPriceWithLoyaltyCard": null,
    "productPricePerUnitWithLoyaltyCard": null,
    "imageUrl": "https://cdn.barbora.lv/products/8f47a22c-d965-4784-badc-745617381f0f_s.png",
    "available": true,
    "discount": null
  },
  {
    "shop": "RIMI",
    "categories": [
      1,
      1001,
      10010014
    ],
    "productName": "Balzams Rīgas Melnais 45% 0,7l",
    "productPriceOld": null,
    "productPrice": {
      "value": 18.95,
      "unit": "€/gab"
    },
    "productPricePerUnit": {
      "value": 27.07,
      "unit": "€/l"
    },
    "productPriceWithLoyaltyCard": null,
    "productPricePerUnitWithLoyaltyCard": null,
    "imageUrl": "https://rimibaltic-res.cloudinary.com/image/upload/d_ecommerce:backend-fallback.png/MAT_460021_PCE_LV",
    "available": true,
    "discount": null
  },
  {
    "shop": "MAXIMA",
    "categories": [
      1,
      1001,
      1001007
    ],
    "productName": "Rums CAPTAIN MORGAN WHITE 37,5% 1l",
    "productPriceOld": null,
    "productPrice": {
      "value": 27.12,
      "unit": "€"
    },
    "productPricePerUnit": {
      "value": 27.12,
      "unit": "€/l"
    },
    "productPriceWithLoyaltyCard": null,
    "productPricePerUnitWithLoyaltyCard": null,
    "imageUrl": "https://cdn.barbora.lv/products/6cec155c-a33e-48a8-9fb9-3e6e9f723acc_s.png",
    "available": true,
    "discount": null
  },
  {
    "shop": "RIMI",
    "categories": [
      1,
      1001,
      10010016
    ],
    "productName": "Degvīns Koskenkorva Lime 37,5% 0,7L",
    "productPriceOld": null,
    "productPrice": {
      "value": 18.99,
      "unit": "€/gab"
    },
    "productPricePerUnit": {
      "value": 27.13,
      "unit": "€/l"
    },
    "productPriceWithLoyaltyCard": null,
    "productPricePerUnitWithLoyaltyCard": null,
    "imageUrl": "https://rimibaltic-res.cloudinary.com/image/upload/d_ecommerce:backend-fallback.png/MAT_7277266_PCE_LV",
    "available": true,
    "discount": null
  },
  {
    "shop": "RIMI",
    "categories": [
      1,
      1003,
      1003007
    ],
    "productName": "Bezalk. ruma dz. Captain Morgan ar sald. 0,7l",
    "productPriceOld": null,
    "productPrice": {
      "value": 23.99,
      "unit": "€/gab"
    },
    "productPricePerUnit": {
      "value": 34.27,
      "unit": "€/l"
    },
    "productPriceWithLoyaltyCard": {
      "value": 18.99,
      "unit": "€"
    },
    "productPricePerUnitWithLoyaltyCard": {
      "value": 27.13,
      "unit": "€/l"
    },
    "imageUrl": "https://rimibaltic-res.cloudinary.com/image/upload/d_ecommerce:backend-fallback.png/MAT_1374687_PCE_LV",
    "available": true,
    "discount": 21
  },
  {
    "shop": "RIMI",
    "categories": [
      1,
      1001,
      10010010
    ],
    "productName": "Brendijs Torres 10 38% 0,7l",
    "productPriceOld": null,
    "productPrice": {
      "value": 27.69,
      "unit": "€/gab"
    },
    "productPricePerUnit": {
      "value": 39.56,
      "unit": "€/l"
    },
    "productPriceWithLoyaltyCard": {
      "value": 18.99,
      "unit": "€"
    },
    "productPricePerUnitWithLoyaltyCard": {
      "value": 27.13,
      "unit": "€/l"
    },
    "imageUrl": "https://rimibaltic-res.cloudinary.com/image/upload/d_ecommerce:backend-fallback.png/MAT_685719_PCE_LV",
    "available": true,
    "discount": 31
  },
  {
    "shop": "RIMI",
    "categories": [
      1,
      1001,
      10010013
    ],
    "productName": "Liķieris Baileys irish cream 17% 0.7l",
    "productPriceOld": null,
    "productPrice": {
      "value": 24.99,
      "unit": "€/gab"
    },
    "productPricePerUnit": {
      "value": 35.7,
      "unit": "€/l"
    },
    "productPriceWithLoyaltyCard": {
      "value": 18.99,
      "unit": "€"
    },
    "productPricePerUnitWithLoyaltyCard": {
      "value": 27.13,
      "unit": "€/l"
    },
    "imageUrl": "https://rimibaltic-res.cloudinary.com/image/upload/d_ecommerce:backend-fallback.png/MAT_709238_PCE_LV",
    "available": true,
    "discount": 24
  },
  {
    "shop": "MAXIMA",
    "categories": [
      1,
      1001,
      1001009
    ],
    "productName": "Viskijs CANADIAN GUARD HOUSE 40% 0,7L",
    "productPriceOld": null,
    "productPrice": {
      "value": 18.99,
      "unit": "€"
    },
    "productPricePerUnit": {
      "value": 27.13,
      "unit": "€/l"
    },
    "productPriceWithLoyaltyCard": null,
    "productPricePerUnitWithLoyaltyCard": null,
    "imageUrl": "https://cdn.barbora.lv/products/0141ecd6-2ecb-4725-bf78-7ff6dfbc2166_s.png",
    "available": true,
    "discount": null
  },
  {
    "shop": "MAXIMA",
    "categories": [
      1,
      1001,
      1001009
    ],
    "productName": "Viskijs WILD TURKEY 81 40,5% 0,7l",
    "productPriceOld": {
      "value": 27.78,
      "unit": "€"
    },
    "productPrice": {
      "value": 27.78,
      "unit": "€"
    },
    "productPricePerUnit": {
      "value": 39.69,
      "unit": "€/l"
    },
    "productPriceWithLoyaltyCard": {
      "value": 18.99,
      "unit": "€"
    },
    "productPricePerUnitWithLoyaltyCard": {
      "value": 27.13,
      "unit": "€/l"
    },
    "imageUrl": "https://cdn.barbora.lv/products/7b372159-7b32-4186-87b2-fe323ecd2ac8_s.png",
    "available": true,
    "discount": 32
  },
  {
    "shop": "MAXIMA",
    "categories": [
      1,
      1001,
      10010019
    ],
    "productName": "Kalvadoss PÉRE PRÉAUX FINE 40% 0,7L",
    "productPriceOld": {
      "value": 22.31,
      "unit": "€"
    },
    "productPrice": {
      "value": 18.99,
      "unit": "€"
    },
    "productPricePerUnit": {
      "value": 27.13,
      "unit": "€/l"
    },
    "productPriceWithLoyaltyCard": null,
    "productPricePerUnitWithLoyaltyCard": null,
    "imageUrl": "https://cdn.barbora.lv/products/c4dac711-f562-4630-85e3-d77faf84ccbd_s.png",
    "available": true,
    "discount": 15
  },
  {
    "shop": "CITRO",
    "categories": [
      1,
      1001,
      10010013
    ],
    "productName": "LIĶIERIS JAGERMEISTER 35% 0.7L",
    "productPriceOld": null,
    "productPrice": null,
    "productPricePerUnit": {
      "value": 27.13,
      "unit": "€/L"
    },
    "productPriceWithLoyaltyCard": null,
    "productPricePerUnitWithLoyaltyCard": null,
    "imageUrl": "https://rezekne.citro.lv/wp-content/uploads/2020/05/4067700014559-300x300.jpg",
    "available": true,
    "discount": null
  },
  {
    "shop": "RIMI",
    "categories": [
      1,
      1001,
      10010010
    ],
    "productName": "Brendijs Imperial XII 36% 0,5l",
    "productPriceOld": null,
    "productPrice": {
      "value": 13.59,
      "unit": "€/gab"
    },
    "productPricePerUnit": {
      "value": 27.18,
      "unit": "€/l"
    },
    "productPriceWithLoyaltyCard": null,
    "productPricePerUnitWithLoyaltyCard": null,
    "imageUrl": "https://rimibaltic-res.cloudinary.com/image/upload/d_ecommerce:backend-fallback.png/MAT_153337_PCE_LV",
    "available": true,
    "discount": null
  },
  {
    "shop": "CITRO",
    "categories": [
      1,
      1001,
      10010014
    ],
    "productName": "BALZAMS RĪGAS MELNAIS 45% 0.5L",
    "productPriceOld": null,
    "productPrice": null,
    "productPricePerUnit": {
      "value": 27.18,
      "unit": "€/L"
    },
    "productPriceWithLoyaltyCard": null,
    "productPricePerUnitWithLoyaltyCard": null,
    "imageUrl": "https://rezekne.citro.lv/wp-content/uploads/2021/02/4750021101281-300x300.jpg",
    "available": true,
    "discount": null
  },
  {
    "shop": "RIMI",
    "categories": [
      1,
      1001,
      10010016
    ],
    "productName": "Degvīns Zernoff Silver 40% 0,5l",
    "productPriceOld": null,
    "productPrice": {
      "value": 13.65,
      "unit": "€/gab"
    },
    "productPricePerUnit": {
      "value": 27.3,
      "unit": "€/l"
    },
    "productPriceWithLoyaltyCard": null,
    "productPricePerUnitWithLoyaltyCard": null,
    "imageUrl": "https://rimibaltic-res.cloudinary.com/image/upload/d_ecommerce:backend-fallback.png/MAT_7281012_PCE_LV",
    "available": true,
    "discount": null
  },
  {
    "shop": "RIMI",
    "categories": [
      1,
      1001,
      10010016
    ],
    "productName": "Degvīns Zernoff Original 40% 0,5l",
    "productPriceOld": null,
    "productPrice": {
      "value": 13.65,
      "unit": "€/gab"
    },
    "productPricePerUnit": {
      "value": 27.3,
      "unit": "€/l"
    },
    "productPriceWithLoyaltyCard": null,
    "productPricePerUnitWithLoyaltyCard": null,
    "imageUrl": "https://rimibaltic-res.cloudinary.com/image/upload/d_ecommerce:backend-fallback.png/MAT_7281013_PCE_LV",
    "available": true,
    "discount": null
  },
  {
    "shop": "RIMI",
    "categories": [
      1,
      1001,
      10010013
    ],
    "productName": "Liķieris Koskenkorva Passion fruit 21% 0,5L",
    "productPriceOld": null,
    "productPrice": {
      "value": 13.69,
      "unit": "€/gab"
    },
    "productPricePerUnit": {
      "value": 27.38,
      "unit": "€/l"
    },
    "productPriceWithLoyaltyCard": null,
    "productPricePerUnitWithLoyaltyCard": null,
    "imageUrl": "https://rimibaltic-res.cloudinary.com/image/upload/d_ecommerce:backend-fallback.png/MAT_7267291_PCE_LV",
    "available": true,
    "discount": null
  },
  {
    "shop": "RIMI",
    "categories": [
      1,
      1001,
      10010013
    ],
    "productName": "Liķieris Koskenkorva Passion fruit 21% 0,5L",
    "productPriceOld": null,
    "productPrice": {
      "value": 13.69,
      "unit": "€/gab"
    },
    "productPricePerUnit": {
      "value": 27.38,
      "unit": "€/l"
    },
    "productPriceWithLoyaltyCard": null,
    "productPricePerUnitWithLoyaltyCard": null,
    "imageUrl": "https://rimibaltic-res.cloudinary.com/image/upload/d_ecommerce:backend-fallback.png/MAT_7267291_PCE_LV",
    "available": true,
    "discount": null
  },
  {
    "shop": "RIMI",
    "categories": [
      1,
      1001,
      10010013
    ],
    "productName": "Liķieris Koskenkorva Rabarber 21% 0,5l",
    "productPriceOld": null,
    "productPrice": {
      "value": 13.69,
      "unit": "€/gab"
    },
    "productPricePerUnit": {
      "value": 27.38,
      "unit": "€/l"
    },
    "productPriceWithLoyaltyCard": null,
    "productPricePerUnitWithLoyaltyCard": null,
    "imageUrl": "https://rimibaltic-res.cloudinary.com/image/upload/d_ecommerce:backend-fallback.png/MAT_7247319_PCE_LV",
    "available": true,
    "discount": null
  },
  {
    "shop": "MAXIMA",
    "categories": [
      1,
      1001,
      10010010
    ],
    "productName": "Brendijs TORRES 5 38% 0,7L",
    "productPriceOld": null,
    "productPrice": {
      "value": 19.19,
      "unit": "€"
    },
    "productPricePerUnit": {
      "value": 27.41,
      "unit": "€/l"
    },
    "productPriceWithLoyaltyCard": null,
    "productPricePerUnitWithLoyaltyCard": null,
    "imageUrl": "https://cdn.barbora.lv/products/51f9cdf3-bc88-4c91-b440-a1404636d79d_s.png",
    "available": true,
    "discount": null
  },
  {
    "shop": "MAXIMA",
    "categories": [
      1,
      1001,
      1001009
    ],
    "productName": "Viskijs SIR EDWARDS 40% 0,5l",
    "productPriceOld": null,
    "productPrice": {
      "value": 13.72,
      "unit": "€"
    },
    "productPricePerUnit": {
      "value": 27.44,
      "unit": "€/l"
    },
    "productPriceWithLoyaltyCard": null,
    "productPricePerUnitWithLoyaltyCard": null,
    "imageUrl": "https://cdn.barbora.lv/products/9150bcc6-6734-43fd-8f1f-291bd1f4599d_s.png",
    "available": true,
    "discount": null
  },
  {
    "shop": "RIMI",
    "categories": [
      1,
      1001,
      1001003
    ],
    "productName": "B.v. Kim Crawford Marlb. 12,5% 0,75l",
    "productPriceOld": null,
    "productPrice": {
      "value": 20.59,
      "unit": "€/gab"
    },
    "productPricePerUnit": {
      "value": 27.45,
      "unit": "€/l"
    },
    "productPriceWithLoyaltyCard": null,
    "productPricePerUnitWithLoyaltyCard": null,
    "imageUrl": "https://rimibaltic-res.cloudinary.com/image/upload/d_ecommerce:backend-fallback.png/MAT_7019102_PCE_LV",
    "available": true,
    "discount": null
  },
  {
    "shop": "RIMI",
    "categories": [
      1,
      1001,
      1001003
    ],
    "productName": "B.v. Kim Crawford Marlb. 12,5% 0,75l",
    "productPriceOld": null,
    "productPrice": {
      "value": 20.59,
      "unit": "€/gab"
    },
    "productPricePerUnit": {
      "value": 27.45,
      "unit": "€/l"
    },
    "productPriceWithLoyaltyCard": null,
    "productPricePerUnitWithLoyaltyCard": null,
    "imageUrl": "https://rimibaltic-res.cloudinary.com/image/upload/d_ecommerce:backend-fallback.png/MAT_7019102_PCE_LV",
    "available": true,
    "discount": null
  },
  {
    "shop": "RIMI",
    "categories": [
      1,
      1001,
      1001009
    ],
    "productName": "Viskijs Bartender's Club Scotch 40% 0,2l",
    "productPriceOld": null,
    "productPrice": {
      "value": 5.49,
      "unit": "€/gab"
    },
    "productPricePerUnit": {
      "value": 27.45,
      "unit": "€/l"
    },
    "productPriceWithLoyaltyCard": null,
    "productPricePerUnitWithLoyaltyCard": null,
    "imageUrl": "https://rimibaltic-res.cloudinary.com/image/upload/d_ecommerce:backend-fallback.png/MAT_802166_PCE_LV",
    "available": true,
    "discount": null
  },
  {
    "shop": "RIMI",
    "categories": [
      1,
      1001,
      1001009
    ],
    "productName": "Viskijs Bartender's Club Scotch 40% 0,2l",
    "productPriceOld": null,
    "productPrice": {
      "value": 5.49,
      "unit": "€/gab"
    },
    "productPricePerUnit": {
      "value": 27.45,
      "unit": "€/l"
    },
    "productPriceWithLoyaltyCard": null,
    "productPricePerUnitWithLoyaltyCard": null,
    "imageUrl": "https://rimibaltic-res.cloudinary.com/image/upload/d_ecommerce:backend-fallback.png/MAT_802166_PCE_LV",
    "available": true,
    "discount": null
  },
  {
    "shop": "MAXIMA",
    "categories": [
      1,
      1001,
      1001003
    ],
    "productName": "Liķ.v.LHERAUD PINEAU DES CHAR.0.75L 17%",
    "productPriceOld": null,
    "productPrice": {
      "value": 20.59,
      "unit": "€"
    },
    "productPricePerUnit": {
      "value": 27.45,
      "unit": "€/l"
    },
    "productPriceWithLoyaltyCard": null,
    "productPricePerUnitWithLoyaltyCard": null,
    "imageUrl": "https://cdn.barbora.lv/products/d5687d5f-6a00-4c1e-b141-4aad14fe7863_s.png",
    "available": true,
    "discount": null
  },
  {
    "shop": "MAXIMA",
    "categories": [
      1,
      1001,
      10010019
    ],
    "productName": "Stipr.alk.dzēriens BACARDI SPICED 35% 1L",
    "productPriceOld": null,
    "productPrice": {
      "value": 27.55,
      "unit": "€"
    },
    "productPricePerUnit": {
      "value": 27.55,
      "unit": "€/l"
    },
    "productPriceWithLoyaltyCard": null,
    "productPricePerUnitWithLoyaltyCard": null,
    "imageUrl": "https://cdn.barbora.lv/products/c649ea21-7630-4579-a705-fc0a8c26168c_s.png",
    "available": true,
    "discount": null
  },
  {
    "shop": "MAXIMA",
    "categories": [
      1,
      1001,
      10010019
    ],
    "productName": "Stiprais alk. dzēriens ATLANTIS 38% 0,2l",
    "productPriceOld": null,
    "productPrice": {
      "value": 5.51,
      "unit": "€"
    },
    "productPricePerUnit": {
      "value": 27.55,
      "unit": "€/l"
    },
    "productPriceWithLoyaltyCard": null,
    "productPricePerUnitWithLoyaltyCard": null,
    "imageUrl": "https://cdn.barbora.lv/products/525fe7cf-7b9f-4673-a863-5955891817eb_s.png",
    "available": true,
    "discount": null
  },
  {
    "shop": "CITRO",
    "categories": [
      1,
      1001,
      1001009
    ],
    "productName": "VISKIJS TULLAMORE DEW 40% 0.7L",
    "productPriceOld": {
      "value": 21.99,
      "unit": "€"
    },
    "productPrice": {
      "value": 19.29,
      "unit": "€"
    },
    "productPricePerUnit": {
      "value": 27.56,
      "unit": "€/L"
    },
    "productPriceWithLoyaltyCard": null,
    "productPricePerUnitWithLoyaltyCard": null,
    "imageUrl": "https://rezekne.citro.lv/wp-content/uploads/2020/04/5011026108033-263x300.jpg",
    "available": true,
    "discount": 12
  },
  {
    "shop": "MAXIMA",
    "categories": [
      1,
      1001,
      10010013
    ],
    "productName": "Liķieris JAGERMEISTER SCHARF 33% 0,7L",
    "productPriceOld": null,
    "productPrice": {
      "value": 19.35,
      "unit": "€"
    },
    "productPricePerUnit": {
      "value": 27.64,
      "unit": "€/l"
    },
    "productPriceWithLoyaltyCard": null,
    "productPricePerUnitWithLoyaltyCard": null,
    "imageUrl": "https://cdn.barbora.lv/products/87066cc6-7777-4c5a-8599-0180f296cdc0_s.png",
    "available": true,
    "discount": null
  },
  {
    "shop": "RIMI",
    "categories": [
      1,
      1001,
      10010019
    ],
    "productName": "Stiprs alk.dz. Captain Morgan Spiced 35% 0,7l",
    "productPriceOld": null,
    "productPrice": {
      "value": 19.39,
      "unit": "€/gab"
    },
    "productPricePerUnit": {
      "value": 27.7,
      "unit": "€/l"
    },
    "productPriceWithLoyaltyCard": null,
    "productPricePerUnitWithLoyaltyCard": null,
    "imageUrl": "https://rimibaltic-res.cloudinary.com/image/upload/d_ecommerce:backend-fallback.png/MAT_101946_PCE_LV",
    "available": true,
    "discount": null
  },
  {
    "shop": "RIMI",
    "categories": [
      1,
      1001,
      10010010
    ],
    "productName": "Brendijs Old Kakheti 3 Years 40% 0,5l",
    "productPriceOld": null,
    "productPrice": {
      "value": 13.85,
      "unit": "€/gab"
    },
    "productPricePerUnit": {
      "value": 27.7,
      "unit": "€/l"
    },
    "productPriceWithLoyaltyCard": null,
    "productPricePerUnitWithLoyaltyCard": null,
    "imageUrl": "https://rimibaltic-res.cloudinary.com/image/upload/d_ecommerce:backend-fallback.png/MAT_7262710_PCE_LV",
    "available": true,
    "discount": null
  },
  {
    "shop": "RIMI",
    "categories": [
      1,
      1001,
      10010010
    ],
    "productName": "Brendijs Old Kakheti 3 Years 40% 0,5l",
    "productPriceOld": null,
    "productPrice": {
      "value": 13.85,
      "unit": "€/gab"
    },
    "productPricePerUnit": {
      "value": 27.7,
      "unit": "€/l"
    },
    "productPriceWithLoyaltyCard": null,
    "productPricePerUnitWithLoyaltyCard": null,
    "imageUrl": "https://rimibaltic-res.cloudinary.com/image/upload/d_ecommerce:backend-fallback.png/MAT_7262710_PCE_LV",
    "available": true,
    "discount": null
  },
  {
    "shop": "MAXIMA",
    "categories": [
      1,
      1001,
      10010010
    ],
    "productName": "Brendijs OLD KAKHETI 3YO 40% 0,5L",
    "productPriceOld": null,
    "productPrice": {
      "value": 13.85,
      "unit": "€"
    },
    "productPricePerUnit": {
      "value": 27.7,
      "unit": "€/l"
    },
    "productPriceWithLoyaltyCard": null,
    "productPricePerUnitWithLoyaltyCard": null,
    "imageUrl": "https://cdn.barbora.lv/products/c17a7d85-706b-41de-869d-ba779351332c_s.png",
    "available": true,
    "discount": null
  },
  {
    "shop": "RIMI",
    "categories": [
      1,
      1001,
      1001003
    ],
    "productName": "B.v. F.Martenot Chardonnay 13%  0,75l",
    "productPriceOld": null,
    "productPrice": {
      "value": 20.79,
      "unit": "€/gab"
    },
    "productPricePerUnit": {
      "value": 27.72,
      "unit": "€/l"
    },
    "productPriceWithLoyaltyCard": null,
    "productPricePerUnitWithLoyaltyCard": null,
    "imageUrl": "https://rimibaltic-res.cloudinary.com/image/upload/d_ecommerce:backend-fallback.png/MAT_7087214_PCE_LV",
    "available": true,
    "discount": null
  },
  {
    "shop": "MAXIMA",
    "categories": [
      1,
      1001,
      10010010
    ],
    "productName": "Brendijs AZNAURI 3YO 40% 0,5L",
    "productPriceOld": null,
    "productPrice": {
      "value": 13.92,
      "unit": "€"
    },
    "productPricePerUnit": {
      "value": 27.84,
      "unit": "€/l"
    },
    "productPriceWithLoyaltyCard": null,
    "productPricePerUnitWithLoyaltyCard": null,
    "imageUrl": "https://cdn.barbora.lv/products/922c77ae-79c1-47c1-b7b9-402ad9d80b61_s.png",
    "available": true,
    "discount": null
  },
  {
    "shop": "MAXIMA",
    "categories": [
      1,
      1001,
      1001009
    ],
    "productName": "Viskijs LABEL 5 40% 1l",
    "productPriceOld": null,
    "productPrice": {
      "value": 27.84,
      "unit": "€"
    },
    "productPricePerUnit": {
      "value": 27.84,
      "unit": "€/l"
    },
    "productPriceWithLoyaltyCard": null,
    "productPricePerUnitWithLoyaltyCard": null,
    "imageUrl": "https://cdn.barbora.lv/products/61b2bb64-c154-4ae0-b9d3-e95e21b0d4ee_s.png",
    "available": true,
    "discount": null
  },
  {
    "shop": "RIMI",
    "categories": [
      1,
      1001,
      1001003
    ],
    "productName": "B.v. Wente Morning Fog  Chard. 13,5% 0,75l",
    "productPriceOld": null,
    "productPrice": {
      "value": 20.89,
      "unit": "€/gab"
    },
    "productPricePerUnit": {
      "value": 27.85,
      "unit": "€/l"
    },
    "productPriceWithLoyaltyCard": null,
    "productPricePerUnitWithLoyaltyCard": null,
    "imageUrl": "https://rimibaltic-res.cloudinary.com/image/upload/d_ecommerce:backend-fallback.png/MAT_458548_PCE_LV",
    "available": true,
    "discount": null
  },
  {
    "shop": "RIMI",
    "categories": [
      1,
      1001,
      1001003
    ],
    "productName": "S.v. Wente Beyer Ranch Zinfandel 14.5% 0,75l",
    "productPriceOld": null,
    "productPrice": {
      "value": 20.89,
      "unit": "€/gab"
    },
    "productPricePerUnit": {
      "value": 27.85,
      "unit": "€/l"
    },
    "productPriceWithLoyaltyCard": null,
    "productPricePerUnitWithLoyaltyCard": null,
    "imageUrl": "https://rimibaltic-res.cloudinary.com/image/upload/d_ecommerce:backend-fallback.png/MAT_7162250_PCE_LV",
    "available": true,
    "discount": null
  },
  {
    "shop": "RIMI",
    "categories": [
      1,
      1001,
      10010016
    ],
    "productName": "Arom. degv. Arsenič smiltsērkšķu 40% 0,35l",
    "productPriceOld": null,
    "productPrice": {
      "value": 9.79,
      "unit": "€/gab"
    },
    "productPricePerUnit": {
      "value": 27.97,
      "unit": "€/l"
    },
    "productPriceWithLoyaltyCard": null,
    "productPricePerUnitWithLoyaltyCard": null,
    "imageUrl": "https://rimibaltic-res.cloudinary.com/image/upload/d_ecommerce:backend-fallback.png/MAT_140064_PCE_LV",
    "available": true,
    "discount": null
  },
  {
    "shop": "RIMI",
    "categories": [
      1,
      1001,
      10010016
    ],
    "productName": "Arom. degv. Arsenič smiltsērkšķu 40% 0,35l",
    "productPriceOld": null,
    "productPrice": {
      "value": 9.79,
      "unit": "€/gab"
    },
    "productPricePerUnit": {
      "value": 27.97,
      "unit": "€/l"
    },
    "productPriceWithLoyaltyCard": null,
    "productPricePerUnitWithLoyaltyCard": null,
    "imageUrl": "https://rimibaltic-res.cloudinary.com/image/upload/d_ecommerce:backend-fallback.png/MAT_140064_PCE_LV",
    "available": true,
    "discount": null
  },
  {
    "shop": "RIMI",
    "categories": [
      1,
      1001,
      10010013
    ],
    "productName": "Liķieris Limoncino Bottega 30% 0,5l",
    "productPriceOld": null,
    "productPrice": {
      "value": 20.05,
      "unit": "€/gab"
    },
    "productPricePerUnit": {
      "value": 40.1,
      "unit": "€/l"
    },
    "productPriceWithLoyaltyCard": {
      "value": 13.99,
      "unit": "€"
    },
    "productPricePerUnitWithLoyaltyCard": {
      "value": 27.98,
      "unit": "€/l"
    },
    "imageUrl": "https://rimibaltic-res.cloudinary.com/image/upload/d_ecommerce:backend-fallback.png/MAT_670637_PCE_LV",
    "available": true,
    "discount": 30
  },
  {
    "shop": "RIMI",
    "categories": [
      1,
      1001,
      10010016
    ],
    "productName": "Degvīns Khortytsa Platinum 40% 0,5L",
    "productPriceOld": null,
    "productPrice": {
      "value": 13.99,
      "unit": "€/gab"
    },
    "productPricePerUnit": {
      "value": 27.98,
      "unit": "€/l"
    },
    "productPriceWithLoyaltyCard": null,
    "productPricePerUnitWithLoyaltyCard": null,
    "imageUrl": "https://rimibaltic-res.cloudinary.com/image/upload/d_ecommerce:backend-fallback.png/MAT_7277533_PCE_LV",
    "available": true,
    "discount": null
  },
  {
    "shop": "RIMI",
    "categories": [
      1,
      1001,
      10010016
    ],
    "productName": "Degvīns Khortytsa Platinum 40% 0,5L",
    "productPriceOld": null,
    "productPrice": {
      "value": 13.99,
      "unit": "€/gab"
    },
    "productPricePerUnit": {
      "value": 27.98,
      "unit": "€/l"
    },
    "productPriceWithLoyaltyCard": null,
    "productPricePerUnitWithLoyaltyCard": null,
    "imageUrl": "https://rimibaltic-res.cloudinary.com/image/upload/d_ecommerce:backend-fallback.png/MAT_7277533_PCE_LV",
    "available": true,
    "discount": null
  },
  {
    "shop": "MAXIMA",
    "categories": [
      1,
      1001,
      10010011
    ],
    "productName": "Tekila SIERRA Blanco 38% 0,5L",
    "productPriceOld": {
      "value": 18.32,
      "unit": "€"
    },
    "productPrice": {
      "value": 18.32,
      "unit": "€"
    },
    "productPricePerUnit": {
      "value": 36.64,
      "unit": "€/l"
    },
    "productPriceWithLoyaltyCard": {
      "value": 13.99,
      "unit": "€"
    },
    "productPricePerUnitWithLoyaltyCard": {
      "value": 27.98,
      "unit": "€/l"
    },
    "imageUrl": "https://cdn.barbora.lv/products/050b150f-5be3-4bc3-98e2-19d2279fc621_s.png",
    "available": true,
    "discount": 24
  },
  {
    "shop": "MAXIMA",
    "categories": [
      1,
      1001,
      10010011
    ],
    "productName": "Tekila SIERRA GOLD 38% 0,5l",
    "productPriceOld": {
      "value": 18.32,
      "unit": "€"
    },
    "productPrice": {
      "value": 18.32,
      "unit": "€"
    },
    "productPricePerUnit": {
      "value": 36.64,
      "unit": "€/l"
    },
    "productPriceWithLoyaltyCard": {
      "value": 13.99,
      "unit": "€"
    },
    "productPricePerUnitWithLoyaltyCard": {
      "value": 27.98,
      "unit": "€/l"
    },
    "imageUrl": "https://cdn.barbora.lv/products/525a743c-5ec7-4173-a4ed-353ddd6654cd_s.png",
    "available": true,
    "discount": 24
  },
  {
    "shop": "CITRO",
    "categories": [
      1,
      1001,
      10010013
    ],
    "productName": "LIĶIERIS JAGERMEISTER 35% 0.5L",
    "productPriceOld": {
      "value": 15.49,
      "unit": "€"
    },
    "productPrice": {
      "value": 13.99,
      "unit": "€"
    },
    "productPricePerUnit": {
      "value": 27.98,
      "unit": "€/L"
    },
    "productPriceWithLoyaltyCard": null,
    "productPricePerUnitWithLoyaltyCard": null,
    "imageUrl": "https://rezekne.citro.lv/wp-content/uploads/2021/03/4067700014566-300x300.jpg",
    "available": true,
    "discount": 10
  },
  {
    "shop": "RIMI",
    "categories": [
      1,
      1001,
      1001003
    ],
    "productName": "B.v. Bernard Defaix Chablis 12,5% 0,75l",
    "productPriceOld": null,
    "productPrice": {
      "value": 24.19,
      "unit": "€/gab"
    },
    "productPricePerUnit": {
      "value": 32.25,
      "unit": "€/l"
    },
    "productPriceWithLoyaltyCard": {
      "value": 20.99,
      "unit": "€"
    },
    "productPricePerUnitWithLoyaltyCard": {
      "value": 27.99,
      "unit": "€/l"
    },
    "imageUrl": "https://rimibaltic-res.cloudinary.com/image/upload/d_ecommerce:backend-fallback.png/MAT_460202_PCE_LV",
    "available": true,
    "discount": 13
  },
  {
    "shop": "RIMI",
    "categories": [
      1,
      1001,
      1001003
    ],
    "productName": "S.v. Monte Zovo Amarone15% 0,75l",
    "productPriceOld": null,
    "productPrice": {
      "value": 32.89,
      "unit": "€/gab"
    },
    "productPricePerUnit": {
      "value": 43.85,
      "unit": "€/l"
    },
    "productPriceWithLoyaltyCard": {
      "value": 20.99,
      "unit": "€"
    },
    "productPricePerUnitWithLoyaltyCard": {
      "value": 27.99,
      "unit": "€/l"
    },
    "imageUrl": "https://rimibaltic-res.cloudinary.com/image/upload/d_ecommerce:backend-fallback.png/MAT_7160270_PCE_LV",
    "available": true,
    "discount": 36
  },
  {
    "shop": "RIMI",
    "categories": [
      1,
      1001,
      1001003
    ],
    "productName": "S.v. Monte Zovo Amarone15% 0,75l",
    "productPriceOld": null,
    "productPrice": {
      "value": 32.89,
      "unit": "€/gab"
    },
    "productPricePerUnit": {
      "value": 43.85,
      "unit": "€/l"
    },
    "productPriceWithLoyaltyCard": {
      "value": 20.99,
      "unit": "€"
    },
    "productPricePerUnitWithLoyaltyCard": {
      "value": 27.99,
      "unit": "€/l"
    },
    "imageUrl": "https://rimibaltic-res.cloudinary.com/image/upload/d_ecommerce:backend-fallback.png/MAT_7160270_PCE_LV",
    "available": true,
    "discount": 36
  },
  {
    "shop": "MAXIMA",
    "categories": [
      1,
      1001,
      1001004
    ],
    "productName": "Šampan. CHARLES MONTAINE Brut 12% 0,75L",
    "productPriceOld": {
      "value": 42.75,
      "unit": "€"
    },
    "productPrice": {
      "value": 42.75,
      "unit": "€"
    },
    "productPricePerUnit": {
      "value": 57,
      "unit": "€/l"
    },
    "productPriceWithLoyaltyCard": {
      "value": 20.99,
      "unit": "€"
    },
    "productPricePerUnitWithLoyaltyCard": {
      "value": 27.99,
      "unit": "€/l"
    },
    "imageUrl": "https://cdn.barbora.lv/products/1a2ec725-9677-4821-8e2c-3e36caa55f6a_s.png",
    "available": true,
    "discount": 51
  },
  {
    "shop": "MAXIMA",
    "categories": [
      1,
      1001,
      1001004
    ],
    "productName": "Šamp.CHARLES MONTAINE Demi Sec 12% 0,75L",
    "productPriceOld": {
      "value": 42.75,
      "unit": "€"
    },
    "productPrice": {
      "value": 42.75,
      "unit": "€"
    },
    "productPricePerUnit": {
      "value": 57,
      "unit": "€/l"
    },
    "productPriceWithLoyaltyCard": {
      "value": 20.99,
      "unit": "€"
    },
    "productPricePerUnitWithLoyaltyCard": {
      "value": 27.99,
      "unit": "€/l"
    },
    "imageUrl": "https://cdn.barbora.lv/products/31f81429-9038-46b6-ad54-2fcaa5f657cd_s.png",
    "available": true,
    "discount": 51
  },
  {
    "shop": "MAXIMA",
    "categories": [
      1,
      1001,
      1001003
    ],
    "productName": "Vīns TORRES CELESTE 13,5% 0,75L",
    "productPriceOld": null,
    "productPrice": {
      "value": 20.99,
      "unit": "€"
    },
    "productPricePerUnit": {
      "value": 27.99,
      "unit": "€/l"
    },
    "productPriceWithLoyaltyCard": null,
    "productPricePerUnitWithLoyaltyCard": null,
    "imageUrl": "https://cdn.barbora.lv/products/2c272476-af97-4e9a-a4a9-0ee32223c0a7_s.png",
    "available": true,
    "discount": null
  },
  {
    "shop": "MAXIMA",
    "categories": [
      1,
      1001,
      10010010
    ],
    "productName": "Brendijs NANATI 3YO 40% 0,5L",
    "productPriceOld": null,
    "productPrice": {
      "value": 14.02,
      "unit": "€"
    },
    "productPricePerUnit": {
      "value": 28.04,
      "unit": "€/l"
    },
    "productPriceWithLoyaltyCard": null,
    "productPricePerUnitWithLoyaltyCard": null,
    "imageUrl": "https://cdn.barbora.lv/products/eed74180-80c5-43e0-996a-b28a7caee6de_s.png",
    "available": true,
    "discount": null
  },
  {
    "shop": "MAXIMA",
    "categories": [
      1,
      1001,
      10010019
    ],
    "productName": "Bitters APEROL 11% 1L",
    "productPriceOld": null,
    "productPrice": {
      "value": 28.11,
      "unit": "€"
    },
    "productPricePerUnit": {
      "value": 28.11,
      "unit": "€/l"
    },
    "productPriceWithLoyaltyCard": null,
    "productPricePerUnitWithLoyaltyCard": null,
    "imageUrl": "https://cdn.barbora.lv/products/6b7b71e3-166c-4964-91e9-d267fed5000c_s.png",
    "available": true,
    "discount": null
  },
  {
    "shop": "RIMI",
    "categories": [
      1,
      1001,
      10010010
    ],
    "productName": "Brendijs Adati 3 stars 40% 0,5l",
    "productPriceOld": null,
    "productPrice": {
      "value": 14.09,
      "unit": "€/gab"
    },
    "productPricePerUnit": {
      "value": 28.18,
      "unit": "€/l"
    },
    "productPriceWithLoyaltyCard": null,
    "productPricePerUnitWithLoyaltyCard": null,
    "imageUrl": "https://rimibaltic-res.cloudinary.com/image/upload/d_ecommerce:backend-fallback.png/MAT_7300725_PCE_LV",
    "available": true,
    "discount": null
  },
  {
    "shop": "RIMI",
    "categories": [
      1,
      1001,
      10010019
    ],
    "productName": "Aperitīvs Bitters Aperol 11% 1l",
    "productPriceOld": null,
    "productPrice": {
      "value": 28.29,
      "unit": "€/gab"
    },
    "productPricePerUnit": {
      "value": 28.29,
      "unit": "€/l"
    },
    "productPriceWithLoyaltyCard": null,
    "productPricePerUnitWithLoyaltyCard": null,
    "imageUrl": "https://rimibaltic-res.cloudinary.com/image/upload/d_ecommerce:backend-fallback.png/MAT_7182490_PCE_LV",
    "available": true,
    "discount": null
  },
  {
    "shop": "MAXIMA",
    "categories": [
      2,
      2001,
      20010015
    ],
    "productName": "Vafeļu glāzītes 6gb, 35g",
    "productPriceOld": null,
    "productPrice": {
      "value": 0.99,
      "unit": "€"
    },
    "productPricePerUnit": {
      "value": 28.29,
      "unit": "€/kg"
    },
    "productPriceWithLoyaltyCard": null,
    "productPricePerUnitWithLoyaltyCard": null,
    "imageUrl": "https://cdn.barbora.lv/products/96cff63a-8ab7-4674-b5a1-c443bdda6507_s.png",
    "available": true,
    "discount": null
  },
  {
    "shop": "MAXIMA",
    "categories": [
      1,
      1001,
      1001003
    ],
    "productName": "Vīns D DE VAUROUX CHABLIS 12,5% 0,75L",
    "productPriceOld": null,
    "productPrice": {
      "value": 21.29,
      "unit": "€"
    },
    "productPricePerUnit": {
      "value": 28.39,
      "unit": "€/l"
    },
    "productPriceWithLoyaltyCard": null,
    "productPricePerUnitWithLoyaltyCard": null,
    "imageUrl": "https://cdn.barbora.lv/products/f5f7e0eb-ab33-46b4-98ba-42a99effa9aa_s.png",
    "available": true,
    "discount": null
  },
  {
    "shop": "MAXIMA",
    "categories": [
      1,
      1001,
      1001003
    ],
    "productName": "Vīns MASCA DEL TACCO PRIMITIVO 14% 0,75L",
    "productPriceOld": null,
    "productPrice": {
      "value": 21.29,
      "unit": "€"
    },
    "productPricePerUnit": {
      "value": 28.39,
      "unit": "€/l"
    },
    "productPriceWithLoyaltyCard": null,
    "productPricePerUnitWithLoyaltyCard": null,
    "imageUrl": "https://cdn.barbora.lv/products/ed37c6cb-8034-43d5-aaf2-bc218f422417_s.png",
    "available": true,
    "discount": null
  },
  {
    "shop": "RIMI",
    "categories": [
      1,
      1001,
      10010016
    ],
    "productName": "Degvīns Gorilka Klasična 40% 0,5l",
    "productPriceOld": null,
    "productPrice": {
      "value": 14.25,
      "unit": "€/gab"
    },
    "productPricePerUnit": {
      "value": 28.5,
      "unit": "€/l"
    },
    "productPriceWithLoyaltyCard": null,
    "productPricePerUnitWithLoyaltyCard": null,
    "imageUrl": "https://rimibaltic-res.cloudinary.com/image/upload/d_ecommerce:backend-fallback.png/MAT_7281606_PCE_LV",
    "available": true,
    "discount": null
  },
  {
    "shop": "RIMI",
    "categories": [
      1,
      1001,
      10010016
    ],
    "productName": "Degvīns Gorilka Medova z percem 40% 0,5l",
    "productPriceOld": null,
    "productPrice": {
      "value": 14.25,
      "unit": "€/gab"
    },
    "productPricePerUnit": {
      "value": 28.5,
      "unit": "€/l"
    },
    "productPriceWithLoyaltyCard": null,
    "productPricePerUnitWithLoyaltyCard": null,
    "imageUrl": "https://rimibaltic-res.cloudinary.com/image/upload/d_ecommerce:backend-fallback.png/MAT_7281594_PCE_LV",
    "available": true,
    "discount": null
  },
  {
    "shop": "CITRO",
    "categories": [
      1,
      1001,
      10010014
    ],
    "productName": "BALZAMS RĪGA BLACK BALSAM CURRANT 30% 0.35L",
    "productPriceOld": null,
    "productPrice": null,
    "productPricePerUnit": {
      "value": 28.54,
      "unit": "€/L"
    },
    "productPriceWithLoyaltyCard": null,
    "productPricePerUnitWithLoyaltyCard": null,
    "imageUrl": "https://rezekne.citro.lv/wp-content/uploads/2020/12/4750021538766-300x300.jpg",
    "available": true,
    "discount": null
  },
  {
    "shop": "RIMI",
    "categories": [
      1,
      1001,
      10010019
    ],
    "productName": "Aperitīvs Campari Bitter 25% 0,7l",
    "productPriceOld": null,
    "productPrice": {
      "value": 30.49,
      "unit": "€/gab"
    },
    "productPricePerUnit": {
      "value": 43.56,
      "unit": "€/l"
    },
    "productPriceWithLoyaltyCard": {
      "value": 19.99,
      "unit": "€"
    },
    "productPricePerUnitWithLoyaltyCard": {
      "value": 28.56,
      "unit": "€/l"
    },
    "imageUrl": "https://rimibaltic-res.cloudinary.com/image/upload/d_ecommerce:backend-fallback.png/MAT_685646_PCE_LV",
    "available": true,
    "discount": 34
  },
  {
    "shop": "RIMI",
    "categories": [
      1,
      1001,
      10010012
    ],
    "productName": "Džins Tanqueray 43,1% 0,7l",
    "productPriceOld": null,
    "productPrice": {
      "value": 28.49,
      "unit": "€/gab"
    },
    "productPricePerUnit": {
      "value": 40.7,
      "unit": "€/l"
    },
    "productPriceWithLoyaltyCard": {
      "value": 19.99,
      "unit": "€"
    },
    "productPricePerUnitWithLoyaltyCard": {
      "value": 28.56,
      "unit": "€/l"
    },
    "imageUrl": "https://rimibaltic-res.cloudinary.com/image/upload/d_ecommerce:backend-fallback.png/MAT_7062047_PCE_LV",
    "available": true,
    "discount": 30
  },
  {
    "shop": "MAXIMA",
    "categories": [
      1,
      1001,
      10010016
    ],
    "productName": "Degvīns STOLI 40% 0,7L",
    "productPriceOld": null,
    "productPrice": {
      "value": 19.99,
      "unit": "€"
    },
    "productPricePerUnit": {
      "value": 28.56,
      "unit": "€/l"
    },
    "productPriceWithLoyaltyCard": null,
    "productPricePerUnitWithLoyaltyCard": null,
    "imageUrl": "https://cdn.barbora.lv/products/f0a3193d-c967-43a8-8793-75d27bb9d459_s.png",
    "available": true,
    "discount": null
  },
  {
    "shop": "MAXIMA",
    "categories": [
      1,
      1001,
      10010019
    ],
    "productName": "St.alk.dz.CAPTAIN MORGAN TIKI 25% 0,7L",
    "productPriceOld": null,
    "productPrice": {
      "value": 19.99,
      "unit": "€"
    },
    "productPricePerUnit": {
      "value": 28.56,
      "unit": "€/l"
    },
    "productPriceWithLoyaltyCard": null,
    "productPricePerUnitWithLoyaltyCard": null,
    "imageUrl": "https://cdn.barbora.lv/products/cd95203b-f03d-4fc6-9ea5-18313a55c491_s.png",
    "available": true,
    "discount": null
  },
  {
    "shop": "CITRO",
    "categories": [
      1,
      1001,
      10010019
    ],
    "productName": "ST.ALK.DZĒRIENS BACARDI SPICED 35% 0.7L",
    "productPriceOld": null,
    "productPrice": null,
    "productPricePerUnit": {
      "value": 28.56,
      "unit": "€/L"
    },
    "productPriceWithLoyaltyCard": null,
    "productPricePerUnitWithLoyaltyCard": null,
    "imageUrl": "https://rezekne.citro.lv/wp-content/uploads/2021/09/7610113007518-300x300.jpg",
    "available": true,
    "discount": null
  },
  {
    "shop": "CITRO",
    "categories": [
      1,
      1001,
      10010019
    ],
    "productName": "ST.ALK.DZĒRIENS BACARDI SPICED 35% 0.7L",
    "productPriceOld": null,
    "productPrice": null,
    "productPricePerUnit": {
      "value": 28.56,
      "unit": "€/L"
    },
    "productPriceWithLoyaltyCard": null,
    "productPricePerUnitWithLoyaltyCard": null,
    "imageUrl": "https://rezekne.citro.lv/wp-content/uploads/2021/09/7610113007518-300x300.jpg",
    "available": true,
    "discount": null
  },
  {
    "shop": "CITRO",
    "categories": [
      1,
      1001,
      1001007
    ],
    "productName": "RUMS BACARDI CARTA BLANCA 37.5% 0.7L",
    "productPriceOld": null,
    "productPrice": null,
    "productPricePerUnit": {
      "value": 28.56,
      "unit": "€/L"
    },
    "productPriceWithLoyaltyCard": null,
    "productPricePerUnitWithLoyaltyCard": null,
    "imageUrl": "https://rezekne.citro.lv/wp-content/uploads/2020/04/5010677013147-263x300.jpg",
    "available": true,
    "discount": null
  },
  {
    "shop": "CITRO",
    "categories": [
      1,
      1001,
      1001009
    ],
    "productName": "VISKIJS JIM BEAM 40% 0.7L",
    "productPriceOld": null,
    "productPrice": null,
    "productPricePerUnit": {
      "value": 28.56,
      "unit": "€/L"
    },
    "productPriceWithLoyaltyCard": null,
    "productPricePerUnitWithLoyaltyCard": null,
    "imageUrl": "https://rezekne.citro.lv/wp-content/uploads/2020/10/5010196091008-300x300.jpg",
    "available": true,
    "discount": null
  },
  {
    "shop": "CITRO",
    "categories": [
      1,
      1001,
      1001009
    ],
    "productName": "VISKIJS JIM BEAM HONEY 32.5% 0.7L",
    "productPriceOld": null,
    "productPrice": null,
    "productPricePerUnit": {
      "value": 28.56,
      "unit": "€/L"
    },
    "productPriceWithLoyaltyCard": null,
    "productPricePerUnitWithLoyaltyCard": null,
    "imageUrl": "https://rezekne.citro.lv/wp-content/uploads/2025/03/80686021902-300x300.jpg",
    "available": true,
    "discount": null
  },
  {
    "shop": "CITRO",
    "categories": [
      1,
      1001,
      1001007
    ],
    "productName": "RUMS BACARDI CARTA NEGRA 37.5% 0.7L",
    "productPriceOld": null,
    "productPrice": null,
    "productPricePerUnit": {
      "value": 28.56,
      "unit": "€/L"
    },
    "productPriceWithLoyaltyCard": null,
    "productPricePerUnitWithLoyaltyCard": null,
    "imageUrl": "https://rezekne.citro.lv/wp-content/uploads/2023/06/7610113004814-300x300.jpg",
    "available": true,
    "discount": null
  },
  {
    "shop": "CITRO",
    "categories": [
      1,
      1001,
      1001009
    ],
    "productName": "VISKIJS JIM BEAM APPLE 32.5% 0.7L",
    "productPriceOld": null,
    "productPrice": null,
    "productPricePerUnit": {
      "value": 28.56,
      "unit": "€/L"
    },
    "productPriceWithLoyaltyCard": null,
    "productPricePerUnitWithLoyaltyCard": null,
    "imageUrl": "https://rezekne.citro.lv/wp-content/uploads/2025/03/80686021919-300x300.jpg",
    "available": true,
    "discount": null
  },
  {
    "shop": "CITRO",
    "categories": [
      1,
      1001,
      1001007
    ],
    "productName": "RUMS DAD JOKE SPICED 40% 0.7L",
    "productPriceOld": null,
    "productPrice": null,
    "productPricePerUnit": {
      "value": 28.56,
      "unit": "€/L"
    },
    "productPriceWithLoyaltyCard": null,
    "productPricePerUnitWithLoyaltyCard": null,
    "imageUrl": "https://rezekne.citro.lv/wp-content/uploads/2024/07/5414145034984-300x300.jpg",
    "available": true,
    "discount": null
  },
  {
    "shop": "RIMI",
    "categories": [
      1,
      1001,
      1001003
    ],
    "productName": "S.v. Papale Oro Primitivo Di 14,5% 0,75l",
    "productPriceOld": null,
    "productPrice": {
      "value": 21.49,
      "unit": "€/gab"
    },
    "productPricePerUnit": {
      "value": 28.65,
      "unit": "€/l"
    },
    "productPriceWithLoyaltyCard": null,
    "productPricePerUnitWithLoyaltyCard": null,
    "imageUrl": "https://rimibaltic-res.cloudinary.com/image/upload/d_ecommerce:backend-fallback.png/MAT_7189031_PCE_LV",
    "available": true,
    "discount": null
  },
  {
    "shop": "RIMI",
    "categories": [
      1,
      1001,
      1001003
    ],
    "productName": "S.v. Bourgogne Piont Noir 12,5% 0,75l",
    "productPriceOld": null,
    "productPrice": {
      "value": 21.49,
      "unit": "€/gab"
    },
    "productPricePerUnit": {
      "value": 28.65,
      "unit": "€/l"
    },
    "productPriceWithLoyaltyCard": null,
    "productPricePerUnitWithLoyaltyCard": null,
    "imageUrl": "https://rimibaltic-res.cloudinary.com/image/upload/d_ecommerce:backend-fallback.png/MAT_745987_PCE_LV",
    "available": true,
    "discount": null
  },
  {
    "shop": "MAXIMA",
    "categories": [
      1,
      1001,
      1001003
    ],
    "productName": "Vīns VAUCHER CHABLIS 12,5% 0,75L",
    "productPriceOld": null,
    "productPrice": {
      "value": 21.65,
      "unit": "€"
    },
    "productPricePerUnit": {
      "value": 28.87,
      "unit": "€/l"
    },
    "productPriceWithLoyaltyCard": null,
    "productPricePerUnitWithLoyaltyCard": null,
    "imageUrl": "https://cdn.barbora.lv/products/9364c2be-24ae-4852-89e2-793aae251f0d_s.png",
    "available": true,
    "discount": null
  },
  {
    "shop": "MAXIMA",
    "categories": [
      1,
      1001,
      10010010
    ],
    "productName": "Brendijs FRENCH LABEL 36% 0,5L",
    "productPriceOld": null,
    "productPrice": {
      "value": 14.44,
      "unit": "€"
    },
    "productPricePerUnit": {
      "value": 28.88,
      "unit": "€/l"
    },
    "productPriceWithLoyaltyCard": null,
    "productPricePerUnitWithLoyaltyCard": null,
    "imageUrl": "https://cdn.barbora.lv/products/4bc5385e-bfb7-4076-9d51-b59f6c2e2ec8_s.png",
    "available": true,
    "discount": null
  },
  {
    "shop": "MAXIMA",
    "categories": [
      1,
      1001,
      10010014
    ],
    "productName": "Balzams RIGA BLACK BALSAM Upeņu 30% 0,5L",
    "productPriceOld": null,
    "productPrice": {
      "value": 14.49,
      "unit": "€"
    },
    "productPricePerUnit": {
      "value": 28.98,
      "unit": "€/l"
    },
    "productPriceWithLoyaltyCard": null,
    "productPricePerUnitWithLoyaltyCard": null,
    "imageUrl": "https://cdn.barbora.lv/products/6d363bff-35e3-48c7-8a50-c4280834dcd2_s.png",
    "available": true,
    "discount": null
  },
  {
    "shop": "MAXIMA",
    "categories": [
      1,
      1001,
      10010014
    ],
    "productName": "Balzams RIGA BLACK BALSAM 45% 0,5L",
    "productPriceOld": null,
    "productPrice": {
      "value": 14.49,
      "unit": "€"
    },
    "productPricePerUnit": {
      "value": 28.98,
      "unit": "€/l"
    },
    "productPriceWithLoyaltyCard": null,
    "productPricePerUnitWithLoyaltyCard": null,
    "imageUrl": "https://cdn.barbora.lv/products/225cbf37-e144-418f-9472-32582a68651c_s.png",
    "available": true,
    "discount": null
  },
  {
    "shop": "MAXIMA",
    "categories": [
      1,
      1001,
      10010012
    ],
    "productName": "Džins BLEU D'ARGENT GIN STRAWB. 40% 0,7L",
    "productPriceOld": null,
    "productPrice": {
      "value": 20.29,
      "unit": "€"
    },
    "productPricePerUnit": {
      "value": 28.99,
      "unit": "€/l"
    },
    "productPriceWithLoyaltyCard": null,
    "productPricePerUnitWithLoyaltyCard": null,
    "imageUrl": "https://cdn.barbora.lv/products/9ae88b66-156a-4826-b674-977183db0989_s.png",
    "available": true,
    "discount": null
  },
  {
    "shop": "CITRO",
    "categories": [
      1,
      1001,
      1001009
    ],
    "productName": "VISKIJS BALLANTINE`S 40% 1L",
    "productPriceOld": null,
    "productPrice": null,
    "productPricePerUnit": {
      "value": 28.99,
      "unit": "€/L"
    },
    "productPriceWithLoyaltyCard": null,
    "productPricePerUnitWithLoyaltyCard": null,
    "imageUrl": "https://rezekne.citro.lv/wp-content/uploads/2021/02/5010106111956-300x300.jpg",
    "available": true,
    "discount": null
  },
  {
    "shop": "CITRO",
    "categories": [
      1,
      1001,
      1001009
    ],
    "productName": "VISKIJS TULLAMORE DEW 40% 1L",
    "productPriceOld": null,
    "productPrice": null,
    "productPricePerUnit": {
      "value": 28.99,
      "unit": "€/L"
    },
    "productPriceWithLoyaltyCard": null,
    "productPricePerUnitWithLoyaltyCard": null,
    "imageUrl": "https://rezekne.citro.lv/wp-content/uploads/2021/02/5011026108019-300x300.jpg",
    "available": true,
    "discount": null
  },
  {
    "shop": "RIMI",
    "categories": [
      1,
      1001,
      1001003
    ],
    "productName": "R.v. Masi Rosa Dei Masi 12,5% 0,75l",
    "productPriceOld": null,
    "productPrice": {
      "value": 21.75,
      "unit": "€/gab"
    },
    "productPricePerUnit": {
      "value": 29,
      "unit": "€/l"
    },
    "productPriceWithLoyaltyCard": null,
    "productPricePerUnitWithLoyaltyCard": null,
    "imageUrl": "https://rimibaltic-res.cloudinary.com/image/upload/d_ecommerce:backend-fallback.png/MAT_7214023_PCE_LV",
    "available": true,
    "discount": null
  },
  {
    "shop": "MAXIMA",
    "categories": [
      1,
      1001,
      10010010
    ],
    "productName": "Brendijs NANATI 5YO 40% 0,5L",
    "productPriceOld": null,
    "productPrice": {
      "value": 14.52,
      "unit": "€"
    },
    "productPricePerUnit": {
      "value": 29.04,
      "unit": "€/l"
    },
    "productPriceWithLoyaltyCard": null,
    "productPricePerUnitWithLoyaltyCard": null,
    "imageUrl": "https://cdn.barbora.lv/products/4b911af2-1fd3-4046-bb3d-f75953a9ec16_s.png",
    "available": true,
    "discount": null
  },
  {
    "shop": "RIMI",
    "categories": [
      1,
      1001,
      1001009
    ],
    "productName": "Viskijs Scottish Leader Original 40% 0,7l",
    "productPriceOld": null,
    "productPrice": {
      "value": 20.35,
      "unit": "€/gab"
    },
    "productPricePerUnit": {
      "value": 29.07,
      "unit": "€/l"
    },
    "productPriceWithLoyaltyCard": null,
    "productPricePerUnitWithLoyaltyCard": null,
    "imageUrl": "https://rimibaltic-res.cloudinary.com/image/upload/d_ecommerce:backend-fallback.png/MAT_7116512_PCE_LV",
    "available": true,
    "discount": null
  },
  {
    "shop": "MAXIMA",
    "categories": [
      1,
      1001,
      1001007
    ],
    "productName": "Rums CAPTAIN MORGAN BLACK LABEL 40% 1L",
    "productPriceOld": null,
    "productPrice": {
      "value": 29.09,
      "unit": "€"
    },
    "productPricePerUnit": {
      "value": 29.09,
      "unit": "€/l"
    },
    "productPriceWithLoyaltyCard": null,
    "productPricePerUnitWithLoyaltyCard": null,
    "imageUrl": "https://cdn.barbora.lv/products/e0500ece-bd67-40c6-ac62-83c7f64271ed_s.png",
    "available": true,
    "discount": null
  },
  {
    "shop": "RIMI",
    "categories": [
      1,
      1001,
      10010010
    ],
    "productName": "Brendijs Gocha Askaneli 3 YO 40% 0,5l",
    "productPriceOld": null,
    "productPrice": {
      "value": 14.55,
      "unit": "€/gab"
    },
    "productPricePerUnit": {
      "value": 29.1,
      "unit": "€/l"
    },
    "productPriceWithLoyaltyCard": null,
    "productPricePerUnitWithLoyaltyCard": null,
    "imageUrl": "https://rimibaltic-res.cloudinary.com/image/upload/d_ecommerce:backend-fallback.png/MAT_7298403_PCE_LV",
    "available": true,
    "discount": null
  },
  {
    "shop": "MAXIMA",
    "categories": [
      1,
      1001,
      10010010
    ],
    "productName": "Brendijs ARMJANSKIJ BRENDI 3* 40% 0,5l",
    "productPriceOld": null,
    "productPrice": {
      "value": 14.55,
      "unit": "€"
    },
    "productPricePerUnit": {
      "value": 29.1,
      "unit": "€/l"
    },
    "productPriceWithLoyaltyCard": null,
    "productPricePerUnitWithLoyaltyCard": null,
    "imageUrl": "https://cdn.barbora.lv/products/bc131614-9117-4172-8457-0282dfda86fc_s.png",
    "available": true,
    "discount": null
  },
  {
    "shop": "RIMI",
    "categories": [
      1,
      1001,
      10010012
    ],
    "productName": "Džins Finsbury Wild Strawberry 37,5% 0,7l",
    "productPriceOld": null,
    "productPrice": {
      "value": 20.45,
      "unit": "€/gab"
    },
    "productPricePerUnit": {
      "value": 29.21,
      "unit": "€/l"
    },
    "productPriceWithLoyaltyCard": null,
    "productPricePerUnitWithLoyaltyCard": null,
    "imageUrl": "https://rimibaltic-res.cloudinary.com/image/upload/d_ecommerce:backend-fallback.png/MAT_7247535_PCE_LV",
    "available": true,
    "discount": null
  },
  {
    "shop": "RIMI",
    "categories": [
      1,
      1001,
      10010012
    ],
    "productName": "Džins Finsbury Wild Strawberry 37,5% 0,7l",
    "productPriceOld": null,
    "productPrice": {
      "value": 20.45,
      "unit": "€/gab"
    },
    "productPricePerUnit": {
      "value": 29.21,
      "unit": "€/l"
    },
    "productPriceWithLoyaltyCard": null,
    "productPricePerUnitWithLoyaltyCard": null,
    "imageUrl": "https://rimibaltic-res.cloudinary.com/image/upload/d_ecommerce:backend-fallback.png/MAT_7247535_PCE_LV",
    "available": true,
    "discount": null
  },
  {
    "shop": "RIMI",
    "categories": [
      1,
      1001,
      10010016
    ],
    "productName": "Degvīns Danzka greipfrūtu 40% 0,7l",
    "productPriceOld": null,
    "productPrice": {
      "value": 20.49,
      "unit": "€/gab"
    },
    "productPricePerUnit": {
      "value": 29.27,
      "unit": "€/l"
    },
    "productPriceWithLoyaltyCard": null,
    "productPricePerUnitWithLoyaltyCard": null,
    "imageUrl": "https://rimibaltic-res.cloudinary.com/image/upload/d_ecommerce:backend-fallback.png/MAT_140820_PCE_LV",
    "available": true,
    "discount": null
  },
  {
    "shop": "RIMI",
    "categories": [
      1,
      1001,
      1001003
    ],
    "productName": "B.v. Masi Masianco Pinot Grig. 13% 0,75l",
    "productPriceOld": null,
    "productPrice": {
      "value": 21.95,
      "unit": "€/gab"
    },
    "productPricePerUnit": {
      "value": 29.27,
      "unit": "€/l"
    },
    "productPriceWithLoyaltyCard": null,
    "productPricePerUnitWithLoyaltyCard": null,
    "imageUrl": "https://rimibaltic-res.cloudinary.com/image/upload/d_ecommerce:backend-fallback.png/MAT_125353_PCE_LV",
    "available": true,
    "discount": null
  },
  {
    "shop": "RIMI",
    "categories": [
      1,
      1001,
      10010016
    ],
    "productName": "Degvīns Stoli Premium 40% 0,7l",
    "productPriceOld": null,
    "productPrice": {
      "value": 20.49,
      "unit": "€/gab"
    },
    "productPricePerUnit": {
      "value": 29.27,
      "unit": "€/l"
    },
    "productPriceWithLoyaltyCard": null,
    "productPricePerUnitWithLoyaltyCard": null,
    "imageUrl": "https://rimibaltic-res.cloudinary.com/image/upload/d_ecommerce:backend-fallback.png/MAT_796107_PCE_LV",
    "available": true,
    "discount": null
  },
  {
    "shop": "RIMI",
    "categories": [
      1,
      1001,
      10010016
    ],
    "productName": "Degvīns Danzka upeņu 40% 0,7l",
    "productPriceOld": null,
    "productPrice": {
      "value": 20.49,
      "unit": "€/gab"
    },
    "productPricePerUnit": {
      "value": 29.27,
      "unit": "€/l"
    },
    "productPriceWithLoyaltyCard": null,
    "productPricePerUnitWithLoyaltyCard": null,
    "imageUrl": "https://rimibaltic-res.cloudinary.com/image/upload/d_ecommerce:backend-fallback.png/MAT_140818_PCE_LV",
    "available": true,
    "discount": null
  },
  {
    "shop": "RIMI",
    "categories": [
      1,
      1001,
      1001007
    ],
    "productName": "Rums Barracuda Gold 38% 0,7l",
    "productPriceOld": null,
    "productPrice": {
      "value": 20.49,
      "unit": "€/gab"
    },
    "productPricePerUnit": {
      "value": 29.27,
      "unit": "€/l"
    },
    "productPriceWithLoyaltyCard": null,
    "productPricePerUnitWithLoyaltyCard": null,
    "imageUrl": "https://rimibaltic-res.cloudinary.com/image/upload/d_ecommerce:backend-fallback.png/MAT_7247156_PCE_LV",
    "available": true,
    "discount": null
  },
  {
    "shop": "MAXIMA",
    "categories": [
      1,
      1001,
      1001009
    ],
    "productName": "Viskijs JACK DANIEL'S 40% 0,7L",
    "productPriceOld": {
      "value": 26.31,
      "unit": "€"
    },
    "productPrice": {
      "value": 26.31,
      "unit": "€"
    },
    "productPricePerUnit": {
      "value": 37.59,
      "unit": "€/l"
    },
    "productPriceWithLoyaltyCard": {
      "value": 20.49,
      "unit": "€"
    },
    "productPricePerUnitWithLoyaltyCard": {
      "value": 29.27,
      "unit": "€/l"
    },
    "imageUrl": "https://cdn.barbora.lv/products/53628bcf-3c42-456c-95f5-849f0451ecab_s.png",
    "available": true,
    "discount": 22
  },
  {
    "shop": "MAXIMA",
    "categories": [
      1,
      1001,
      1001009
    ],
    "productName": "Viskijs JACK DANIEL'S APPLE 35% 0,7L",
    "productPriceOld": {
      "value": 29.77,
      "unit": "€"
    },
    "productPrice": {
      "value": 29.77,
      "unit": "€"
    },
    "productPricePerUnit": {
      "value": 42.53,
      "unit": "€/l"
    },
    "productPriceWithLoyaltyCard": {
      "value": 20.49,
      "unit": "€"
    },
    "productPricePerUnitWithLoyaltyCard": {
      "value": 29.27,
      "unit": "€/l"
    },
    "imageUrl": "https://cdn.barbora.lv/products/5bb94435-b82c-487d-8c39-a1a8e0d7f2af_s.png",
    "available": true,
    "discount": 31
  },
  {
    "shop": "MAXIMA",
    "categories": [
      1,
      1001,
      10010019
    ],
    "productName": "Stiprs alkoholiskais dzēriens JACK DANIEL'S HONEY 35%0,7L",
    "productPriceOld": {
      "value": 30.27,
      "unit": "€"
    },
    "productPrice": {
      "value": 30.27,
      "unit": "€"
    },
    "productPricePerUnit": {
      "value": 43.24,
      "unit": "€/l"
    },
    "productPriceWithLoyaltyCard": {
      "value": 20.49,
      "unit": "€"
    },
    "productPricePerUnitWithLoyaltyCard": {
      "value": 29.27,
      "unit": "€/l"
    },
    "imageUrl": "https://cdn.barbora.lv/products/b6896c2d-8a67-4282-98dc-20f392dad8c3_s.png",
    "available": true,
    "discount": 32
  },
  {
    "shop": "MAXIMA",
    "categories": [
      1,
      1001,
      10010012
    ],
    "productName": "Džins BOMBAY SAPPHIRE 40% 0,7l",
    "productPriceOld": {
      "value": 27.31,
      "unit": "€"
    },
    "productPrice": {
      "value": 27.31,
      "unit": "€"
    },
    "productPricePerUnit": {
      "value": 39.01,
      "unit": "€/l"
    },
    "productPriceWithLoyaltyCard": {
      "value": 20.49,
      "unit": "€"
    },
    "productPricePerUnitWithLoyaltyCard": {
      "value": 29.27,
      "unit": "€/l"
    },
    "imageUrl": "https://cdn.barbora.lv/products/7c2cb35e-789b-4a8a-a6e8-7542948ec790_s.png",
    "available": true,
    "discount": 25
  },
  {
    "shop": "MAXIMA",
    "categories": [
      1,
      1001,
      10010012
    ],
    "productName": "Džins TENJAKU 37,5% 0,7L",
    "productPriceOld": {
      "value": 30.29,
      "unit": "€"
    },
    "productPrice": {
      "value": 30.29,
      "unit": "€"
    },
    "productPricePerUnit": {
      "value": 43.27,
      "unit": "€/l"
    },
    "productPriceWithLoyaltyCard": {
      "value": 20.49,
      "unit": "€"
    },
    "productPricePerUnitWithLoyaltyCard": {
      "value": 29.27,
      "unit": "€/l"
    },
    "imageUrl": "https://cdn.barbora.lv/products/d2ed2326-9a0a-427b-a0dc-00de673f0578_s.png",
    "available": true,
    "discount": 32
  },
  {
    "shop": "MAXIMA",
    "categories": [
      1,
      1001,
      10010012
    ],
    "productName": "Džins BOMBAY SAPPHIRE SUNSET 43% 0,7L",
    "productPriceOld": {
      "value": 31.33,
      "unit": "€"
    },
    "productPrice": {
      "value": 31.33,
      "unit": "€"
    },
    "productPricePerUnit": {
      "value": 44.76,
      "unit": "€/l"
    },
    "productPriceWithLoyaltyCard": {
      "value": 20.49,
      "unit": "€"
    },
    "productPricePerUnitWithLoyaltyCard": {
      "value": 29.27,
      "unit": "€/l"
    },
    "imageUrl": "https://cdn.barbora.lv/products/29981d04-109a-4c92-9de1-92c12d0844ee_s.png",
    "available": true,
    "discount": 35
  },
  {
    "shop": "CITRO",
    "categories": [
      1,
      1001,
      1001007
    ],
    "productName": "RUMS DMF PASSIONFRUIT RUM 37.5% 0.7L",
    "productPriceOld": null,
    "productPrice": null,
    "productPricePerUnit": {
      "value": 29.27,
      "unit": "€/L"
    },
    "productPriceWithLoyaltyCard": null,
    "productPricePerUnitWithLoyaltyCard": null,
    "imageUrl": "https://rezekne.citro.lv/wp-content/uploads/2022/06/5011166063612-300x300.jpg",
    "available": true,
    "discount": null
  },
  {
    "shop": "CITRO",
    "categories": [
      1,
      1001,
      1001007
    ],
    "productName": "RUMS DMF MANGO RUM 37.5% 0.7L",
    "productPriceOld": null,
    "productPrice": null,
    "productPricePerUnit": {
      "value": 29.27,
      "unit": "€/L"
    },
    "productPriceWithLoyaltyCard": null,
    "productPricePerUnitWithLoyaltyCard": null,
    "imageUrl": "https://rezekne.citro.lv/wp-content/uploads/2022/06/5011166063605-300x300.jpg",
    "available": true,
    "discount": null
  },
  {
    "shop": "RIMI",
    "categories": [
      1,
      1001,
      10010010
    ],
    "productName": "Brendijs Beehive VSOP 40% 0,35l",
    "productPriceOld": null,
    "productPrice": {
      "value": 10.25,
      "unit": "€/gab"
    },
    "productPricePerUnit": {
      "value": 29.29,
      "unit": "€/l"
    },
    "productPriceWithLoyaltyCard": null,
    "productPricePerUnitWithLoyaltyCard": null,
    "imageUrl": "https://rimibaltic-res.cloudinary.com/image/upload/d_ecommerce:backend-fallback.png/MAT_7298292_PCE_LV",
    "available": true,
    "discount": null
  },
  {
    "shop": "MAXIMA",
    "categories": [
      1,
      1001,
      1001007
    ],
    "productName": "Rums BACARDI CARTA BLANCA 37,5% 1L",
    "productPriceOld": null,
    "productPrice": {
      "value": 29.29,
      "unit": "€"
    },
    "productPricePerUnit": {
      "value": 29.29,
      "unit": "€/l"
    },
    "productPriceWithLoyaltyCard": null,
    "productPricePerUnitWithLoyaltyCard": null,
    "imageUrl": "https://cdn.barbora.lv/products/2ff364b6-f73a-45f1-b878-be47f9e27612_s.png",
    "available": true,
    "discount": null
  },
  {
    "shop": "MAXIMA",
    "categories": [
      1,
      1001,
      1001007
    ],
    "productName": "Rums BACARDI Carta Negra 37,5% 1L",
    "productPriceOld": null,
    "productPrice": {
      "value": 29.29,
      "unit": "€"
    },
    "productPricePerUnit": {
      "value": 29.29,
      "unit": "€/l"
    },
    "productPriceWithLoyaltyCard": null,
    "productPricePerUnitWithLoyaltyCard": null,
    "imageUrl": "https://cdn.barbora.lv/products/8915be40-2a42-47a5-80b3-6cfc0fbcd9a7_s.png",
    "available": true,
    "discount": null
  },
  {
    "shop": "RIMI",
    "categories": [
      1,
      1001,
      1001003
    ],
    "productName": "Baltvīns Chablis Chardonnay 12,5% 0,75l",
    "productPriceOld": null,
    "productPrice": {
      "value": 21.99,
      "unit": "€/gab"
    },
    "productPricePerUnit": {
      "value": 29.32,
      "unit": "€/l"
    },
    "productPriceWithLoyaltyCard": null,
    "productPricePerUnitWithLoyaltyCard": null,
    "imageUrl": "https://rimibaltic-res.cloudinary.com/image/upload/d_ecommerce:backend-fallback.png/MAT_137754_PCE_LV",
    "available": true,
    "discount": null
  },
  {
    "shop": "RIMI",
    "categories": [
      1,
      1001,
      1001003
    ],
    "productName": "S.v. Louis Latour Bourgogne Pinot 13% 0,75l",
    "productPriceOld": null,
    "productPrice": {
      "value": 21.99,
      "unit": "€/gab"
    },
    "productPricePerUnit": {
      "value": 29.32,
      "unit": "€/l"
    },
    "productPriceWithLoyaltyCard": null,
    "productPricePerUnitWithLoyaltyCard": null,
    "imageUrl": "https://rimibaltic-res.cloudinary.com/image/upload/d_ecommerce:backend-fallback.png/MAT_7162681_PCE_LV",
    "available": true,
    "discount": null
  },
  {
    "shop": "MAXIMA",
    "categories": [
      1,
      1001,
      1001003
    ],
    "productName": "Portvīns QUINTA DO PEGO LBV 20% 0,75L",
    "productPriceOld": null,
    "productPrice": {
      "value": 21.99,
      "unit": "€"
    },
    "productPricePerUnit": {
      "value": 29.32,
      "unit": "€/l"
    },
    "productPriceWithLoyaltyCard": null,
    "productPricePerUnitWithLoyaltyCard": null,
    "imageUrl": "https://cdn.barbora.lv/products/2c706e6b-dee1-4e84-b736-36fae55cf4ae_s.png",
    "available": true,
    "discount": null
  },
  {
    "shop": "MAXIMA",
    "categories": [
      1,
      1001,
      1001003
    ],
    "productName": "Vīns ALTOS IBERICOS RESERVA 14.5% 0,75L",
    "productPriceOld": null,
    "productPrice": {
      "value": 21.99,
      "unit": "€"
    },
    "productPricePerUnit": {
      "value": 29.32,
      "unit": "€/l"
    },
    "productPriceWithLoyaltyCard": null,
    "productPricePerUnitWithLoyaltyCard": null,
    "imageUrl": "https://cdn.barbora.lv/products/0b31d90e-c869-4f29-bd90-d216110339a6_s.png",
    "available": true,
    "discount": null
  },
  {
    "shop": "RIMI",
    "categories": [
      1,
      1001,
      1001009
    ],
    "productName": "Viskijs Grant's Summer Orange 35% 0,7l",
    "productPriceOld": null,
    "productPrice": {
      "value": 20.55,
      "unit": "€/gab"
    },
    "productPricePerUnit": {
      "value": 29.36,
      "unit": "€/l"
    },
    "productPriceWithLoyaltyCard": null,
    "productPricePerUnitWithLoyaltyCard": null,
    "imageUrl": "https://rimibaltic-res.cloudinary.com/image/upload/d_ecommerce:backend-fallback.png/MAT_7272006_PCE_LV",
    "available": true,
    "discount": null
  },
  {
    "shop": "MAXIMA",
    "categories": [
      1,
      1001,
      1001009
    ],
    "productName": "Viskijs GRANT'S Summer Orange 35% 0,7L",
    "productPriceOld": null,
    "productPrice": {
      "value": 20.55,
      "unit": "€"
    },
    "productPricePerUnit": {
      "value": 29.36,
      "unit": "€/l"
    },
    "productPriceWithLoyaltyCard": null,
    "productPricePerUnitWithLoyaltyCard": null,
    "imageUrl": "https://cdn.barbora.lv/products/9b2c8be7-a1e8-42c3-b778-0a684a5c9e2e_s.png",
    "available": true,
    "discount": null
  },
  {
    "shop": "MAXIMA",
    "categories": [
      1,
      1001,
      1001007
    ],
    "productName": "Rums MATUSALEM SOLERA 7YO 40% 0,7L",
    "productPriceOld": {
      "value": 30.78,
      "unit": "€"
    },
    "productPrice": {
      "value": 30.78,
      "unit": "€"
    },
    "productPricePerUnit": {
      "value": 43.97,
      "unit": "€/l"
    },
    "productPriceWithLoyaltyCard": {
      "value": 20.59,
      "unit": "€"
    },
    "productPricePerUnitWithLoyaltyCard": {
      "value": 29.41,
      "unit": "€/l"
    },
    "imageUrl": "https://cdn.barbora.lv/products/36d03a33-bf99-48c2-b983-d40421a49f5c_s.png",
    "available": true,
    "discount": 33
  },
  {
    "shop": "RIMI",
    "categories": [
      1,
      1001,
      1001003
    ],
    "productName": "S.v. San Felice IL Grigio Chianti 13,5% 0,75l",
    "productPriceOld": null,
    "productPrice": {
      "value": 22.15,
      "unit": "€/gab"
    },
    "productPricePerUnit": {
      "value": 29.53,
      "unit": "€/l"
    },
    "productPriceWithLoyaltyCard": null,
    "productPricePerUnitWithLoyaltyCard": null,
    "imageUrl": "https://rimibaltic-res.cloudinary.com/image/upload/d_ecommerce:backend-fallback.png/MAT_7221013_PCE_LV",
    "available": true,
    "discount": null
  },
  {
    "shop": "MAXIMA",
    "categories": [
      1,
      1001,
      1001003
    ],
    "productName": "Vīns 1865 Sauvignon Blanc 14,5% 0,75L",
    "productPriceOld": null,
    "productPrice": {
      "value": 22.15,
      "unit": "€"
    },
    "productPricePerUnit": {
      "value": 29.53,
      "unit": "€/l"
    },
    "productPriceWithLoyaltyCard": null,
    "productPricePerUnitWithLoyaltyCard": null,
    "imageUrl": "https://cdn.barbora.lv/products/fa30ee88-f3e2-4ae2-849e-c5cc17212b01_s.png",
    "available": true,
    "discount": null
  },
  {
    "shop": "MAXIMA",
    "categories": [
      1,
      1001,
      10010016
    ],
    "productName": "Degvīns ADMIRAL BELLINGSHAUSEN 40% 0,7L",
    "productPriceOld": null,
    "productPrice": {
      "value": 20.68,
      "unit": "€"
    },
    "productPricePerUnit": {
      "value": 29.54,
      "unit": "€/l"
    },
    "productPriceWithLoyaltyCard": null,
    "productPricePerUnitWithLoyaltyCard": null,
    "imageUrl": "https://cdn.barbora.lv/products/25b9b325-dbf4-4f90-aa67-4f57935dced1_s.png",
    "available": true,
    "discount": null
  },
  {
    "shop": "RIMI",
    "categories": [
      1,
      1001,
      10010016
    ],
    "productName": "Arom. degvīns Nemiroff Honey Pepper 40% 0,5l",
    "productPriceOld": null,
    "productPrice": {
      "value": 14.79,
      "unit": "€/gab"
    },
    "productPricePerUnit": {
      "value": 29.58,
      "unit": "€/l"
    },
    "productPriceWithLoyaltyCard": null,
    "productPricePerUnitWithLoyaltyCard": null,
    "imageUrl": "https://rimibaltic-res.cloudinary.com/image/upload/d_ecommerce:backend-fallback.png/MAT_121880_PCE_LV",
    "available": true,
    "discount": null
  },
  {
    "shop": "RIMI",
    "categories": [
      1,
      1001,
      10010010
    ],
    "productName": "Brendijs Askaneli 3Yo 40% 0,5l",
    "productPriceOld": null,
    "productPrice": {
      "value": 14.79,
      "unit": "€/gab"
    },
    "productPricePerUnit": {
      "value": 29.58,
      "unit": "€/l"
    },
    "productPriceWithLoyaltyCard": null,
    "productPricePerUnitWithLoyaltyCard": null,
    "imageUrl": "https://rimibaltic-res.cloudinary.com/image/upload/d_ecommerce:backend-fallback.png/MAT_7235629_PCE_LV",
    "available": true,
    "discount": null
  },
  {
    "shop": "RIMI",
    "categories": [
      1,
      1001,
      10010016
    ],
    "productName": "Arom. degvīns Nemiroff Birch Special 40% 0,5l",
    "productPriceOld": null,
    "productPrice": {
      "value": 14.79,
      "unit": "€/gab"
    },
    "productPricePerUnit": {
      "value": 29.58,
      "unit": "€/l"
    },
    "productPriceWithLoyaltyCard": null,
    "productPricePerUnitWithLoyaltyCard": null,
    "imageUrl": "https://rimibaltic-res.cloudinary.com/image/upload/d_ecommerce:backend-fallback.png/MAT_503632_PCE_LV",
    "available": true,
    "discount": null
  },
  {
    "shop": "MAXIMA",
    "categories": [
      1,
      1001,
      10010010
    ],
    "productName": "Brendijs ASKANELI 3YO 40% 0,5L",
    "productPriceOld": null,
    "productPrice": {
      "value": 14.79,
      "unit": "€"
    },
    "productPricePerUnit": {
      "value": 29.58,
      "unit": "€/l"
    },
    "productPriceWithLoyaltyCard": null,
    "productPricePerUnitWithLoyaltyCard": null,
    "imageUrl": "https://cdn.barbora.lv/products/8705fc37-9805-43aa-8371-0547b8ce6a35_s.png",
    "available": true,
    "discount": null
  },
  {
    "shop": "MAXIMA",
    "categories": [
      1,
      1001,
      10010016
    ],
    "productName": "Arom.degv.NEMIROFF Honey Pepper 40% 0,5L",
    "productPriceOld": null,
    "productPrice": {
      "value": 14.79,
      "unit": "€"
    },
    "productPricePerUnit": {
      "value": 29.58,
      "unit": "€/l"
    },
    "productPriceWithLoyaltyCard": null,
    "productPricePerUnitWithLoyaltyCard": null,
    "imageUrl": "https://cdn.barbora.lv/products/b70c001a-c625-4d7c-8103-d3a22198a2b4_s.png",
    "available": true,
    "discount": null
  },
  {
    "shop": "MAXIMA",
    "categories": [
      1,
      1001,
      10010016
    ],
    "productName": "Degvīns NEMIROFF Birch Special 40% 0,5L",
    "productPriceOld": null,
    "productPrice": {
      "value": 14.79,
      "unit": "€"
    },
    "productPricePerUnit": {
      "value": 29.58,
      "unit": "€/l"
    },
    "productPriceWithLoyaltyCard": null,
    "productPricePerUnitWithLoyaltyCard": null,
    "imageUrl": "https://cdn.barbora.lv/products/a30a2afa-4de4-4214-bd3a-4aab639c007d_s.png",
    "available": true,
    "discount": null
  },
  {
    "shop": "MAXIMA",
    "categories": [
      1,
      1001,
      10010016
    ],
    "productName": "Degvīns NEMIROFF DELIKAT 40% 0,5L",
    "productPriceOld": null,
    "productPrice": {
      "value": 14.79,
      "unit": "€"
    },
    "productPricePerUnit": {
      "value": 29.58,
      "unit": "€/l"
    },
    "productPriceWithLoyaltyCard": null,
    "productPricePerUnitWithLoyaltyCard": null,
    "imageUrl": "https://cdn.barbora.lv/products/82b2e5ea-7569-48aa-8d38-94cf78db9748_s.png",
    "available": true,
    "discount": null
  },
  {
    "shop": "MAXIMA",
    "categories": [
      1,
      1001,
      10010010
    ],
    "productName": "Brendijs MAGISTR XO 36% 0,5L",
    "productPriceOld": null,
    "productPrice": {
      "value": 14.82,
      "unit": "€"
    },
    "productPricePerUnit": {
      "value": 29.64,
      "unit": "€/l"
    },
    "productPriceWithLoyaltyCard": null,
    "productPricePerUnitWithLoyaltyCard": null,
    "imageUrl": "https://cdn.barbora.lv/products/b0aedd85-1230-416e-b02a-9d2bdd8fa131_s.png",
    "available": true,
    "discount": null
  },
  {
    "shop": "RIMI",
    "categories": [
      1,
      1001,
      1001003
    ],
    "productName": "S.v. F.Martenot Pinot Noir 13% 0,75l",
    "productPriceOld": null,
    "productPrice": {
      "value": 22.25,
      "unit": "€/gab"
    },
    "productPricePerUnit": {
      "value": 29.67,
      "unit": "€/l"
    },
    "productPriceWithLoyaltyCard": null,
    "productPricePerUnitWithLoyaltyCard": null,
    "imageUrl": "https://rimibaltic-res.cloudinary.com/image/upload/d_ecommerce:backend-fallback.png/MAT_7087213_PCE_LV",
    "available": true,
    "discount": null
  },
  {
    "shop": "MAXIMA",
    "categories": [
      1,
      1001,
      1001009
    ],
    "productName": "Viskijs BALLANTINE'S FINEST 40% 0,7L",
    "productPriceOld": null,
    "productPrice": {
      "value": 20.78,
      "unit": "€"
    },
    "productPricePerUnit": {
      "value": 29.69,
      "unit": "€/l"
    },
    "productPriceWithLoyaltyCard": null,
    "productPricePerUnitWithLoyaltyCard": null,
    "imageUrl": "https://cdn.barbora.lv/products/45277788-053b-4714-9083-2b515df7ff76_s.png",
    "available": true,
    "discount": null
  },
  {
    "shop": "MAXIMA",
    "categories": [
      1,
      1001,
      1001003
    ],
    "productName": "Vīns MOUTON CADET St.Emilion 12,5% 0,75L",
    "productPriceOld": null,
    "productPrice": {
      "value": 22.29,
      "unit": "€"
    },
    "productPricePerUnit": {
      "value": 29.72,
      "unit": "€/l"
    },
    "productPriceWithLoyaltyCard": null,
    "productPricePerUnitWithLoyaltyCard": null,
    "imageUrl": "https://cdn.barbora.lv/products/fea863aa-e8c5-4061-a3fd-2a67b371c31f_s.png",
    "available": true,
    "discount": null
  },
  {
    "shop": "MAXIMA",
    "categories": [
      1,
      1001,
      1001003
    ],
    "productName": "Vīns Mass. DOPPIO PASSO Cuvee 16% 0,75L",
    "productPriceOld": null,
    "productPrice": {
      "value": 22.29,
      "unit": "€"
    },
    "productPricePerUnit": {
      "value": 29.72,
      "unit": "€/l"
    },
    "productPriceWithLoyaltyCard": null,
    "productPricePerUnitWithLoyaltyCard": null,
    "imageUrl": "https://cdn.barbora.lv/products/9105f2de-fff1-4113-aedd-6970e954b5cc_s.png",
    "available": true,
    "discount": null
  },
  {
    "shop": "MAXIMA",
    "categories": [
      1,
      1001,
      10010010
    ],
    "productName": "Brendijs SARAJISHVILI 3* 40% 0,7L",
    "productPriceOld": null,
    "productPrice": {
      "value": 20.86,
      "unit": "€"
    },
    "productPricePerUnit": {
      "value": 29.8,
      "unit": "€/l"
    },
    "productPriceWithLoyaltyCard": null,
    "productPricePerUnitWithLoyaltyCard": null,
    "imageUrl": "https://cdn.barbora.lv/products/8cfad100-4394-4e86-a31e-1824854f234a_s.png",
    "available": true,
    "discount": null
  },
  {
    "shop": "RIMI",
    "categories": [
      1,
      1001,
      1001009
    ],
    "productName": "Viskijs Scottish Leader Original 40% 0,5l",
    "productPriceOld": null,
    "productPrice": {
      "value": 14.95,
      "unit": "€/gab"
    },
    "productPricePerUnit": {
      "value": 29.9,
      "unit": "€/l"
    },
    "productPriceWithLoyaltyCard": null,
    "productPricePerUnitWithLoyaltyCard": null,
    "imageUrl": "https://rimibaltic-res.cloudinary.com/image/upload/d_ecommerce:backend-fallback.png/MAT_7145433_PCE_LV",
    "available": true,
    "discount": null
  },
  {
    "shop": "RIMI",
    "categories": [
      1,
      1001,
      1001009
    ],
    "productName": "Viskijs Scottish Leader Original 40% 0,5l",
    "productPriceOld": null,
    "productPrice": {
      "value": 14.95,
      "unit": "€/gab"
    },
    "productPricePerUnit": {
      "value": 29.9,
      "unit": "€/l"
    },
    "productPriceWithLoyaltyCard": null,
    "productPricePerUnitWithLoyaltyCard": null,
    "imageUrl": "https://rimibaltic-res.cloudinary.com/image/upload/d_ecommerce:backend-fallback.png/MAT_7145433_PCE_LV",
    "available": true,
    "discount": null
  },
  {
    "shop": "MAXIMA",
    "categories": [
      1,
      1001,
      1001007
    ],
    "productName": "Rums STROH JAGER TEE 40% 0,5l",
    "productPriceOld": null,
    "productPrice": {
      "value": 14.95,
      "unit": "€"
    },
    "productPricePerUnit": {
      "value": 29.9,
      "unit": "€/l"
    },
    "productPriceWithLoyaltyCard": null,
    "productPricePerUnitWithLoyaltyCard": null,
    "imageUrl": "https://cdn.barbora.lv/products/9f6492f8-5048-4e55-a3e6-f6021beec9a2_s.png",
    "available": true,
    "discount": null
  },
  {
    "shop": "RIMI",
    "categories": [
      1,
      1001,
      1001009
    ],
    "productName": "Viskijs Jim Beam White 40% 0,2l",
    "productPriceOld": null,
    "productPrice": {
      "value": 9.49,
      "unit": "€/gab"
    },
    "productPricePerUnit": {
      "value": 47.45,
      "unit": "€/l"
    },
    "productPriceWithLoyaltyCard": {
      "value": 5.99,
      "unit": "€"
    },
    "productPricePerUnitWithLoyaltyCard": {
      "value": 29.95,
      "unit": "€/l"
    },
    "imageUrl": "https://rimibaltic-res.cloudinary.com/image/upload/d_ecommerce:backend-fallback.png/MAT_7211408_PCE_LV",
    "available": true,
    "discount": 37
  },
  {
    "shop": "RIMI",
    "categories": [
      1,
      1001,
      10010014
    ],
    "productName": "Balzams Rīgas Melnais upeņu 30% 0,35l",
    "productPriceOld": null,
    "productPrice": {
      "value": 10.49,
      "unit": "€/gab"
    },
    "productPricePerUnit": {
      "value": 29.97,
      "unit": "€/l"
    },
    "productPriceWithLoyaltyCard": null,
    "productPricePerUnitWithLoyaltyCard": null,
    "imageUrl": "https://rimibaltic-res.cloudinary.com/image/upload/d_ecommerce:backend-fallback.png/MAT_7016031_PCE_LV",
    "available": true,
    "discount": null
  },
  {
    "shop": "RIMI",
    "categories": [
      1,
      1001,
      10010014
    ],
    "productName": "Balzams Rīgas Melnais 45% 0,35l",
    "productPriceOld": null,
    "productPrice": {
      "value": 10.49,
      "unit": "€/gab"
    },
    "productPricePerUnit": {
      "value": 29.97,
      "unit": "€/l"
    },
    "productPriceWithLoyaltyCard": null,
    "productPricePerUnitWithLoyaltyCard": null,
    "imageUrl": "https://rimibaltic-res.cloudinary.com/image/upload/d_ecommerce:backend-fallback.png/MAT_460020_PCE_LV",
    "available": true,
    "discount": null
  },
  {
    "shop": "RIMI",
    "categories": [
      1,
      1001,
      1001009
    ],
    "productName": "Viskijs Sir Edward's 40% 0,35l",
    "productPriceOld": null,
    "productPrice": {
      "value": 10.49,
      "unit": "€/gab"
    },
    "productPricePerUnit": {
      "value": 29.97,
      "unit": "€/l"
    },
    "productPriceWithLoyaltyCard": null,
    "productPricePerUnitWithLoyaltyCard": null,
    "imageUrl": "https://rimibaltic-res.cloudinary.com/image/upload/d_ecommerce:backend-fallback.png/MAT_141873_PCE_LV",
    "available": true,
    "discount": null
  },
  {
    "shop": "RIMI",
    "categories": [
      1,
      1001,
      10010014
    ],
    "productName": "Balzams Rīgas Melnais 45% 0,35l",
    "productPriceOld": null,
    "productPrice": {
      "value": 10.49,
      "unit": "€/gab"
    },
    "productPricePerUnit": {
      "value": 29.97,
      "unit": "€/l"
    },
    "productPriceWithLoyaltyCard": null,
    "productPricePerUnitWithLoyaltyCard": null,
    "imageUrl": "https://rimibaltic-res.cloudinary.com/image/upload/d_ecommerce:backend-fallback.png/MAT_460020_PCE_LV",
    "available": true,
    "discount": null
  },
  {
    "shop": "MAXIMA",
    "categories": [
      1,
      1001,
      10010016
    ],
    "productName": "Degvīns ABSOLUT Grapefruit 40% 0,7L",
    "productPriceOld": null,
    "productPrice": {
      "value": 20.98,
      "unit": "€"
    },
    "productPricePerUnit": {
      "value": 29.97,
      "unit": "€/l"
    },
    "productPriceWithLoyaltyCard": null,
    "productPricePerUnitWithLoyaltyCard": null,
    "imageUrl": "https://cdn.barbora.lv/products/2a6b0489-70ce-4d72-bb2a-7effed791270_s.png",
    "available": true,
    "discount": null
  },
  {
    "shop": "RIMI",
    "categories": [
      1,
      1001,
      1001009
    ],
    "productName": "Viskijs Jack Daniels 40% 1l",
    "productPriceOld": null,
    "productPrice": {
      "value": 35.99,
      "unit": "€/gab"
    },
    "productPricePerUnit": {
      "value": 35.99,
      "unit": "€/l"
    },
    "productPriceWithLoyaltyCard": {
      "value": 29.99,
      "unit": "€"
    },
    "productPricePerUnitWithLoyaltyCard": {
      "value": 29.99,
      "unit": "€/l"
    },
    "imageUrl": "https://rimibaltic-res.cloudinary.com/image/upload/d_ecommerce:backend-fallback.png/MAT_101841_PCE_LV",
    "available": true,
    "discount": 17
  },
  {
    "shop": "RIMI",
    "categories": [
      1,
      1001,
      1001009
    ],
    "productName": "Viskijs Jack Daniels 40% 1l",
    "productPriceOld": null,
    "productPrice": {
      "value": 35.99,
      "unit": "€/gab"
    },
    "productPricePerUnit": {
      "value": 35.99,
      "unit": "€/l"
    },
    "productPriceWithLoyaltyCard": {
      "value": 29.99,
      "unit": "€"
    },
    "productPricePerUnitWithLoyaltyCard": {
      "value": 29.99,
      "unit": "€/l"
    },
    "imageUrl": "https://rimibaltic-res.cloudinary.com/image/upload/d_ecommerce:backend-fallback.png/MAT_101841_PCE_LV",
    "available": true,
    "discount": 17
  },
  {
    "shop": "RIMI",
    "categories": [
      1,
      1001,
      1001007
    ],
    "productName": "Rums Flor De Cana baltais 40% 0,7l",
    "productPriceOld": null,
    "productPrice": {
      "value": 20.99,
      "unit": "€/gab"
    },
    "productPricePerUnit": {
      "value": 29.99,
      "unit": "€/l"
    },
    "productPriceWithLoyaltyCard": null,
    "productPricePerUnitWithLoyaltyCard": null,
    "imageUrl": "https://rimibaltic-res.cloudinary.com/image/upload/d_ecommerce:backend-fallback.png/MAT_7284480_PCE_LV",
    "available": true,
    "discount": null
  },
  {
    "shop": "MAXIMA",
    "categories": [
      1,
      1001,
      1001009
    ],
    "productName": "Visk.GLEN TURNER HERRITAGE SM 40% 0,7L",
    "productPriceOld": {
      "value": 27.71,
      "unit": "€"
    },
    "productPrice": {
      "value": 27.71,
      "unit": "€"
    },
    "productPricePerUnit": {
      "value": 39.59,
      "unit": "€/l"
    },
    "productPriceWithLoyaltyCard": {
      "value": 20.99,
      "unit": "€"
    },
    "productPricePerUnitWithLoyaltyCard": {
      "value": 29.99,
      "unit": "€/l"
    },
    "imageUrl": "https://cdn.barbora.lv/products/45c7b90c-8e3f-42ed-aa3e-77770be4cb4b_s.png",
    "available": true,
    "discount": 24
  },
  {
    "shop": "CITRO",
    "categories": [
      1,
      1001,
      10010012
    ],
    "productName": "DŽINS CROSS KEYS GIN BLACK CURRANT 38% 0.7L",
    "productPriceOld": null,
    "productPrice": null,
    "productPricePerUnit": {
      "value": 29.99,
      "unit": "€/L"
    },
    "productPriceWithLoyaltyCard": null,
    "productPricePerUnitWithLoyaltyCard": null,
    "imageUrl": "https://rezekne.citro.lv/wp-content/uploads/2021/02/4750021008511-300x300.jpg",
    "available": true,
    "discount": null
  },
  {
    "shop": "CITRO",
    "categories": [
      1,
      1001,
      10010012
    ],
    "productName": "DŽINS CROSS KEYS GIN 41% 0.7L",
    "productPriceOld": null,
    "productPrice": null,
    "productPricePerUnit": {
      "value": 29.99,
      "unit": "€/L"
    },
    "productPriceWithLoyaltyCard": null,
    "productPricePerUnitWithLoyaltyCard": null,
    "imageUrl": "https://rezekne.citro.lv/wp-content/uploads/2021/02/4750021007224-300x300.jpg",
    "available": true,
    "discount": null
  },
  {
    "shop": "CITRO",
    "categories": [
      1,
      1001,
      1001007
    ],
    "productName": "RUMS PLANTATION DOUBLE AGED DARK 40% 0.7L",
    "productPriceOld": null,
    "productPrice": null,
    "productPricePerUnit": {
      "value": 29.99,
      "unit": "€/L"
    },
    "productPriceWithLoyaltyCard": null,
    "productPricePerUnitWithLoyaltyCard": null,
    "imageUrl": "https://rezekne.citro.lv/wp-content/uploads/2023/03/3460410524423-300x300.jpg",
    "available": true,
    "discount": null
  },
  {
    "shop": "MAXIMA",
    "categories": [
      1,
      1001,
      10010012
    ],
    "productName": "Džins BEEFEATER DRY 40% 0,7l",
    "productPriceOld": null,
    "productPrice": {
      "value": 21.08,
      "unit": "€"
    },
    "productPricePerUnit": {
      "value": 30.11,
      "unit": "€/l"
    },
    "productPriceWithLoyaltyCard": null,
    "productPricePerUnitWithLoyaltyCard": null,
    "imageUrl": "https://cdn.barbora.lv/products/6f6288ca-9131-4e84-a233-5c0ab56db11e_s.png",
    "available": true,
    "discount": null
  },
  {
    "shop": "RIMI",
    "categories": [
      1,
      1001,
      1001003
    ],
    "productName": "S. v. Juan Gil Monastrell Jumilla 15% 0,75l",
    "productPriceOld": null,
    "productPrice": {
      "value": 22.65,
      "unit": "€/gab"
    },
    "productPricePerUnit": {
      "value": 30.2,
      "unit": "€/l"
    },
    "productPriceWithLoyaltyCard": null,
    "productPricePerUnitWithLoyaltyCard": null,
    "imageUrl": "https://rimibaltic-res.cloudinary.com/image/upload/d_ecommerce:backend-fallback.png/MAT_7022031_PCE_LV",
    "available": true,
    "discount": null
  },
  {
    "shop": "RIMI",
    "categories": [
      1,
      1001,
      10010010
    ],
    "productName": "Brendijs JP Chenet Reserve Imperial 38% 0,7l",
    "productPriceOld": null,
    "productPrice": {
      "value": 21.19,
      "unit": "€/gab"
    },
    "productPricePerUnit": {
      "value": 30.27,
      "unit": "€/l"
    },
    "productPriceWithLoyaltyCard": null,
    "productPricePerUnitWithLoyaltyCard": null,
    "imageUrl": "https://rimibaltic-res.cloudinary.com/image/upload/d_ecommerce:backend-fallback.png/MAT_7094594_PCE_LV",
    "available": true,
    "discount": null
  },
  {
    "shop": "MAXIMA",
    "categories": [
      1,
      1001,
      1001007
    ],
    "productName": "Rums STROH 40% 0,5l",
    "productPriceOld": null,
    "productPrice": {
      "value": 15.15,
      "unit": "€"
    },
    "productPricePerUnit": {
      "value": 30.3,
      "unit": "€/l"
    },
    "productPriceWithLoyaltyCard": null,
    "productPricePerUnitWithLoyaltyCard": null,
    "imageUrl": "https://cdn.barbora.lv/products/607e6e3d-f120-41fc-b90d-ed288e976ab0_s.png",
    "available": true,
    "discount": null
  },
  {
    "shop": "MAXIMA",
    "categories": [
      2,
      2001,
      20010015
    ],
    "productName": "Siera stūrīši salātiem 115g",
    "productPriceOld": {
      "value": 3.99,
      "unit": "€"
    },
    "productPrice": {
      "value": 3.99,
      "unit": "€"
    },
    "productPricePerUnit": {
      "value": 34.7,
      "unit": "€/kg"
    },
    "productPriceWithLoyaltyCard": {
      "value": 3.49,
      "unit": "€"
    },
    "productPricePerUnitWithLoyaltyCard": {
      "value": 30.35,
      "unit": "€/kg"
    },
    "imageUrl": "https://cdn.barbora.lv/products/8285f4e5-c5bb-47c5-b588-2809804a8c16_s.png",
    "available": true,
    "discount": 13
  },
  {
    "shop": "MAXIMA",
    "categories": [
      1,
      1001,
      10010019
    ],
    "productName": "Stipr.alk.dzēr. BACARDI SPICED 35% 0,7L",
    "productPriceOld": null,
    "productPrice": {
      "value": 21.27,
      "unit": "€"
    },
    "productPricePerUnit": {
      "value": 30.39,
      "unit": "€/l"
    },
    "productPriceWithLoyaltyCard": null,
    "productPricePerUnitWithLoyaltyCard": null,
    "imageUrl": "https://cdn.barbora.lv/products/10947bf6-96f2-473a-935d-d840d63d68ae_s.png",
    "available": true,
    "discount": null
  },
  {
    "shop": "MAXIMA",
    "categories": [
      1,
      1001,
      1001007
    ],
    "productName": "Rums BACARDI CARTA BLANCA 37,5% 0,7l",
    "productPriceOld": null,
    "productPrice": {
      "value": 21.29,
      "unit": "€"
    },
    "productPricePerUnit": {
      "value": 30.41,
      "unit": "€/l"
    },
    "productPriceWithLoyaltyCard": null,
    "productPricePerUnitWithLoyaltyCard": null,
    "imageUrl": "https://cdn.barbora.lv/products/c9ad68cd-a040-49d0-84d0-dc4cdb2c4532_s.png",
    "available": true,
    "discount": null
  },
  {
    "shop": "MAXIMA",
    "categories": [
      1,
      1001,
      10010014
    ],
    "productName": "Balzams RIGA BLACK BALSAM Upeņu 30%0,35L",
    "productPriceOld": null,
    "productPrice": {
      "value": 10.65,
      "unit": "€"
    },
    "productPricePerUnit": {
      "value": 30.43,
      "unit": "€/l"
    },
    "productPriceWithLoyaltyCard": null,
    "productPricePerUnitWithLoyaltyCard": null,
    "imageUrl": "https://cdn.barbora.lv/products/3ebfadc8-f804-4394-9991-2a521edc6015_s.png",
    "available": true,
    "discount": null
  },
  {
    "shop": "MAXIMA",
    "categories": [
      1,
      1001,
      10010010
    ],
    "productName": "Brendijs OLD KAKHETI 5YO 40% 0,5L",
    "productPriceOld": null,
    "productPrice": {
      "value": 15.22,
      "unit": "€"
    },
    "productPricePerUnit": {
      "value": 30.44,
      "unit": "€/l"
    },
    "productPriceWithLoyaltyCard": null,
    "productPricePerUnitWithLoyaltyCard": null,
    "imageUrl": "https://cdn.barbora.lv/products/c21176c5-c8bd-4389-afcc-223f66f46f7d_s.png",
    "available": true,
    "discount": null
  },
  {
    "shop": "RIMI",
    "categories": [
      1,
      1001,
      1001007
    ],
    "productName": "Rums Bacardi Carta Blanca 37,5% 0,7l",
    "productPriceOld": null,
    "productPrice": {
      "value": 21.39,
      "unit": "€/gab"
    },
    "productPricePerUnit": {
      "value": 30.56,
      "unit": "€/l"
    },
    "productPriceWithLoyaltyCard": null,
    "productPricePerUnitWithLoyaltyCard": null,
    "imageUrl": "https://rimibaltic-res.cloudinary.com/image/upload/d_ecommerce:backend-fallback.png/MAT_7108744_PCE_LV",
    "available": true,
    "discount": null
  },
  {
    "shop": "RIMI",
    "categories": [
      1,
      1001,
      1001007
    ],
    "productName": "Rums Bacardi Spiced 35% 0,7l",
    "productPriceOld": null,
    "productPrice": {
      "value": 21.39,
      "unit": "€/gab"
    },
    "productPricePerUnit": {
      "value": 30.56,
      "unit": "€/l"
    },
    "productPriceWithLoyaltyCard": null,
    "productPricePerUnitWithLoyaltyCard": null,
    "imageUrl": "https://rimibaltic-res.cloudinary.com/image/upload/d_ecommerce:backend-fallback.png/MAT_7246956_PCE_LV",
    "available": true,
    "discount": null
  },
  {
    "shop": "RIMI",
    "categories": [
      1,
      1001,
      1001009
    ],
    "productName": "Viskijs Ballantines Finest 40% 0,7l",
    "productPriceOld": null,
    "productPrice": {
      "value": 21.39,
      "unit": "€/gab"
    },
    "productPricePerUnit": {
      "value": 30.56,
      "unit": "€/l"
    },
    "productPriceWithLoyaltyCard": null,
    "productPricePerUnitWithLoyaltyCard": null,
    "imageUrl": "https://rimibaltic-res.cloudinary.com/image/upload/d_ecommerce:backend-fallback.png/MAT_102110_PCE_LV",
    "available": true,
    "discount": null
  },
  {
    "shop": "MAXIMA",
    "categories": [
      1,
      1001,
      10010013
    ],
    "productName": "Liķieris MARCATI LIMONCELLO 30% 0,7L",
    "productPriceOld": null,
    "productPrice": {
      "value": 21.41,
      "unit": "€"
    },
    "productPricePerUnit": {
      "value": 30.59,
      "unit": "€/l"
    },
    "productPriceWithLoyaltyCard": null,
    "productPricePerUnitWithLoyaltyCard": null,
    "imageUrl": "https://cdn.barbora.lv/products/640be521-f8b0-4b77-a213-d01e4e1b73d2_s.png",
    "available": true,
    "discount": null
  },
  {
    "shop": "MAXIMA",
    "categories": [
      1,
      1001,
      10010010
    ],
    "productName": "Brendijs ARARAT 3* 40% 0,7L",
    "productPriceOld": null,
    "productPrice": {
      "value": 21.45,
      "unit": "€"
    },
    "productPricePerUnit": {
      "value": 30.64,
      "unit": "€/l"
    },
    "productPriceWithLoyaltyCard": null,
    "productPricePerUnitWithLoyaltyCard": null,
    "imageUrl": "https://cdn.barbora.lv/products/a373e2c4-b5dc-45a2-93fa-f5cb3956b2d3_s.png",
    "available": true,
    "discount": null
  },
  {
    "shop": "RIMI",
    "categories": [
      1,
      1001,
      10010010
    ],
    "productName": "Brendijs Belij Aist 5* 40% 0,5l",
    "productPriceOld": null,
    "productPrice": {
      "value": 15.35,
      "unit": "€/gab"
    },
    "productPricePerUnit": {
      "value": 30.7,
      "unit": "€/l"
    },
    "productPriceWithLoyaltyCard": null,
    "productPricePerUnitWithLoyaltyCard": null,
    "imageUrl": "https://rimibaltic-res.cloudinary.com/image/upload/d_ecommerce:backend-fallback.png/MAT_101711_PCE_LV",
    "available": true,
    "discount": null
  },
  {
    "shop": "RIMI",
    "categories": [
      1,
      1001,
      10010013
    ],
    "productName": "Liķieris Amarula 17% 0,7l",
    "productPriceOld": null,
    "productPrice": {
      "value": 21.49,
      "unit": "€/gab"
    },
    "productPricePerUnit": {
      "value": 30.7,
      "unit": "€/l"
    },
    "productPriceWithLoyaltyCard": null,
    "productPricePerUnitWithLoyaltyCard": null,
    "imageUrl": "https://rimibaltic-res.cloudinary.com/image/upload/d_ecommerce:backend-fallback.png/MAT_104756_PCE_LV",
    "available": true,
    "discount": null
  },
  {
    "shop": "MAXIMA",
    "categories": [
      1,
      1001,
      10010013
    ],
    "productName": "Liķieris AMARULA 17% 0,7L",
    "productPriceOld": null,
    "productPrice": {
      "value": 21.49,
      "unit": "€"
    },
    "productPricePerUnit": {
      "value": 30.7,
      "unit": "€/l"
    },
    "productPriceWithLoyaltyCard": null,
    "productPricePerUnitWithLoyaltyCard": null,
    "imageUrl": "https://cdn.barbora.lv/products/baad0519-f0ce-4261-a81b-75a723ef804d_s.png",
    "available": true,
    "discount": null
  },
  {
    "shop": "CITRO",
    "categories": [
      1,
      1001,
      1001009
    ],
    "productName": "VISKIJS JACK DANIELS 40% 0.7L",
    "productPriceOld": {
      "value": 25.99,
      "unit": "€"
    },
    "productPrice": {
      "value": 21.49,
      "unit": "€"
    },
    "productPricePerUnit": {
      "value": 30.7,
      "unit": "€/L"
    },
    "productPriceWithLoyaltyCard": null,
    "productPricePerUnitWithLoyaltyCard": null,
    "imageUrl": "https://rezekne.citro.lv/wp-content/uploads/2021/03/5099873089798-300x300.jpg",
    "available": true,
    "discount": 17
  },
  {
    "shop": "CITRO",
    "categories": [
      1,
      1001,
      1001009
    ],
    "productName": "VISKIJS JACK DANIEL’S TENNESSEE HONEY 35% 0.7L",
    "productPriceOld": {
      "value": 25.99,
      "unit": "€"
    },
    "productPrice": {
      "value": 21.49,
      "unit": "€"
    },
    "productPricePerUnit": {
      "value": 30.7,
      "unit": "€/L"
    },
    "productPriceWithLoyaltyCard": null,
    "productPricePerUnitWithLoyaltyCard": null,
    "imageUrl": "https://rezekne.citro.lv/wp-content/uploads/2021/03/5099873001370-300x300.jpg",
    "available": true,
    "discount": 17
  },
  {
    "shop": "MAXIMA",
    "categories": [
      1,
      1001,
      10010014
    ],
    "productName": "Balzams RIGA BLACK BALSAM 45% 0,35L",
    "productPriceOld": null,
    "productPrice": {
      "value": 10.75,
      "unit": "€"
    },
    "productPricePerUnit": {
      "value": 30.71,
      "unit": "€/l"
    },
    "productPriceWithLoyaltyCard": null,
    "productPricePerUnitWithLoyaltyCard": null,
    "imageUrl": "https://cdn.barbora.lv/products/d4332777-bfb3-476f-8f6b-d74ca0f28e6c_s.png",
    "available": true,
    "discount": null
  },
  {
    "shop": "RIMI",
    "categories": [
      1,
      1001,
      10010016
    ],
    "productName": "Arom. degvīns Nemiroff Honey Pepper 40% 0,2l",
    "productPriceOld": null,
    "productPrice": {
      "value": 6.15,
      "unit": "€/gab"
    },
    "productPricePerUnit": {
      "value": 30.75,
      "unit": "€/l"
    },
    "productPriceWithLoyaltyCard": null,
    "productPricePerUnitWithLoyaltyCard": null,
    "imageUrl": "https://rimibaltic-res.cloudinary.com/image/upload/d_ecommerce:backend-fallback.png/MAT_651048_PCE_LV",
    "available": true,
    "discount": null
  },
  {
    "shop": "RIMI",
    "categories": [
      1,
      1001,
      10010016
    ],
    "productName": "Degvīns Nemiroff Delikat 40% 0,2l",
    "productPriceOld": null,
    "productPrice": {
      "value": 6.15,
      "unit": "€/gab"
    },
    "productPricePerUnit": {
      "value": 30.75,
      "unit": "€/l"
    },
    "productPriceWithLoyaltyCard": null,
    "productPricePerUnitWithLoyaltyCard": null,
    "imageUrl": "https://rimibaltic-res.cloudinary.com/image/upload/d_ecommerce:backend-fallback.png/MAT_7203786_PCE_LV",
    "available": true,
    "discount": null
  },
  {
    "shop": "RIMI",
    "categories": [
      1,
      1001,
      10010016
    ],
    "productName": "Degvīns Nemiroff Delikat 40% 0,2l",
    "productPriceOld": null,
    "productPrice": {
      "value": 6.15,
      "unit": "€/gab"
    },
    "productPricePerUnit": {
      "value": 30.75,
      "unit": "€/l"
    },
    "productPriceWithLoyaltyCard": null,
    "productPricePerUnitWithLoyaltyCard": null,
    "imageUrl": "https://rimibaltic-res.cloudinary.com/image/upload/d_ecommerce:backend-fallback.png/MAT_7203786_PCE_LV",
    "available": true,
    "discount": null
  },
  {
    "shop": "MAXIMA",
    "categories": [
      1,
      1001,
      10010016
    ],
    "productName": "Arom.degv.NEMIROFF Honey Pepper 40% 0,2L",
    "productPriceOld": null,
    "productPrice": {
      "value": 6.15,
      "unit": "€"
    },
    "productPricePerUnit": {
      "value": 30.75,
      "unit": "€/l"
    },
    "productPriceWithLoyaltyCard": null,
    "productPricePerUnitWithLoyaltyCard": null,
    "imageUrl": "https://cdn.barbora.lv/products/b9c3452a-8254-447b-802d-8cc7ee86f847_s.png",
    "available": true,
    "discount": null
  },
  {
    "shop": "MAXIMA",
    "categories": [
      1,
      1001,
      10010016
    ],
    "productName": "Degvīns NEMIROFF Delikat 40% 0,2L",
    "productPriceOld": null,
    "productPrice": {
      "value": 6.15,
      "unit": "€"
    },
    "productPricePerUnit": {
      "value": 30.75,
      "unit": "€/l"
    },
    "productPriceWithLoyaltyCard": null,
    "productPricePerUnitWithLoyaltyCard": null,
    "imageUrl": "https://cdn.barbora.lv/products/fe71064a-30d1-4613-91de-b1b4afe19a58_s.png",
    "available": true,
    "discount": null
  },
  {
    "shop": "RIMI",
    "categories": [
      1,
      1001,
      10010010
    ],
    "productName": "Brendijs Beehive V.S.O.P. 40% 0,7l",
    "productPriceOld": null,
    "productPrice": {
      "value": 21.55,
      "unit": "€/gab"
    },
    "productPricePerUnit": {
      "value": 30.79,
      "unit": "€/l"
    },
    "productPriceWithLoyaltyCard": null,
    "productPricePerUnitWithLoyaltyCard": null,
    "imageUrl": "https://rimibaltic-res.cloudinary.com/image/upload/d_ecommerce:backend-fallback.png/MAT_456664_PCE_LV",
    "available": true,
    "discount": null
  },
  {
    "shop": "MAXIMA",
    "categories": [
      1,
      1001,
      10010019
    ],
    "productName": "Kalvadoss PAPIDOUX VSOP 40% 0,7L",
    "productPriceOld": {
      "value": 29.68,
      "unit": "€"
    },
    "productPrice": {
      "value": 29.68,
      "unit": "€"
    },
    "productPricePerUnit": {
      "value": 42.4,
      "unit": "€/l"
    },
    "productPriceWithLoyaltyCard": {
      "value": 21.59,
      "unit": "€"
    },
    "productPricePerUnitWithLoyaltyCard": {
      "value": 30.84,
      "unit": "€/l"
    },
    "imageUrl": "https://cdn.barbora.lv/products/fbfb62fe-a0a2-4d0e-8f8a-14027898d054_s.png",
    "available": true,
    "discount": 27
  },
  {
    "shop": "MAXIMA",
    "categories": [
      1,
      1001,
      10010010
    ],
    "productName": "Brendijs TBILVINO BRANDY 5YO 40% 0,5L",
    "productPriceOld": null,
    "productPrice": {
      "value": 15.42,
      "unit": "€"
    },
    "productPricePerUnit": {
      "value": 30.84,
      "unit": "€/l"
    },
    "productPriceWithLoyaltyCard": null,
    "productPricePerUnitWithLoyaltyCard": null,
    "imageUrl": "https://cdn.barbora.lv/products/2698692e-40fb-4ded-92a3-17cb5a2d4af3_s.png",
    "available": true,
    "discount": null
  },
  {
    "shop": "MAXIMA",
    "categories": [
      1,
      1001,
      10010019
    ],
    "productName": "Stiprais alk. dzēriens CASINO 50% 0,2L",
    "productPriceOld": null,
    "productPrice": {
      "value": 6.17,
      "unit": "€"
    },
    "productPricePerUnit": {
      "value": 30.85,
      "unit": "€/l"
    },
    "productPriceWithLoyaltyCard": null,
    "productPricePerUnitWithLoyaltyCard": null,
    "imageUrl": "https://cdn.barbora.lv/products/f43bb167-e087-436c-8f41-8d9622854520_s.png",
    "available": true,
    "discount": null
  },
  {
    "shop": "MAXIMA",
    "categories": [
      1,
      1001,
      1001003
    ],
    "productName": "Vīns ACHAVAL FERRER MALBEC 14% 0,75L",
    "productPriceOld": null,
    "productPrice": {
      "value": 23.19,
      "unit": "€"
    },
    "productPricePerUnit": {
      "value": 30.92,
      "unit": "€/l"
    },
    "productPriceWithLoyaltyCard": null,
    "productPricePerUnitWithLoyaltyCard": null,
    "imageUrl": "https://cdn.barbora.lv/products/bffebfa9-6e96-44f2-a940-950b67b2c1dc_s.png",
    "available": true,
    "discount": null
  },
  {
    "shop": "RIMI",
    "categories": [
      1,
      1001,
      1001003
    ],
    "productName": "Stiprināts deserta s.v. Madere Cruz 17% 0,75l",
    "productPriceOld": null,
    "productPrice": {
      "value": 23.25,
      "unit": "€/gab"
    },
    "productPricePerUnit": {
      "value": 31,
      "unit": "€/l"
    },
    "productPriceWithLoyaltyCard": null,
    "productPricePerUnitWithLoyaltyCard": null,
    "imageUrl": "https://rimibaltic-res.cloudinary.com/image/upload/d_ecommerce:backend-fallback.png/MAT_460978_PCE_LV",
    "available": true,
    "discount": null
  },
  {
    "shop": "MAXIMA",
    "categories": [
      1,
      1001,
      1001007
    ],
    "productName": "Rums HAVANA CLUB Especial 37,5% 0,7L",
    "productPriceOld": null,
    "productPrice": {
      "value": 21.73,
      "unit": "€"
    },
    "productPricePerUnit": {
      "value": 31.04,
      "unit": "€/l"
    },
    "productPriceWithLoyaltyCard": null,
    "productPricePerUnitWithLoyaltyCard": null,
    "imageUrl": "https://cdn.barbora.lv/products/ce9952b2-448a-4323-b327-af70a0c72267_s.png",
    "available": true,
    "discount": null
  },
  {
    "shop": "MAXIMA",
    "categories": [
      1,
      1001,
      1001007
    ],
    "productName": "Rums HAVANA CLUB Anejo 3YO 37,5% 0,7L",
    "productPriceOld": null,
    "productPrice": {
      "value": 21.73,
      "unit": "€"
    },
    "productPricePerUnit": {
      "value": 31.04,
      "unit": "€/l"
    },
    "productPriceWithLoyaltyCard": null,
    "productPricePerUnitWithLoyaltyCard": null,
    "imageUrl": "https://cdn.barbora.lv/products/56def2f1-5718-4dff-9d57-b20a34ef77c0_s.png",
    "available": true,
    "discount": null
  },
  {
    "shop": "MAXIMA",
    "categories": [
      1,
      1001,
      1001009
    ],
    "productName": "Viskijs BUSHMILLS 40% 1l",
    "productPriceOld": null,
    "productPrice": {
      "value": 31.05,
      "unit": "€"
    },
    "productPricePerUnit": {
      "value": 31.05,
      "unit": "€/l"
    },
    "productPriceWithLoyaltyCard": null,
    "productPricePerUnitWithLoyaltyCard": null,
    "imageUrl": "https://cdn.barbora.lv/products/92dffd48-3757-460d-bfbb-d75e02da1fa5_s.png",
    "available": true,
    "discount": null
  },
  {
    "shop": "RIMI",
    "categories": [
      1,
      1001,
      10010016
    ],
    "productName": "Degvīns Stolichnaya 40% 0,5l",
    "productPriceOld": null,
    "productPrice": {
      "value": 15.55,
      "unit": "€/gab"
    },
    "productPricePerUnit": {
      "value": 31.1,
      "unit": "€/l"
    },
    "productPriceWithLoyaltyCard": null,
    "productPricePerUnitWithLoyaltyCard": null,
    "imageUrl": "https://rimibaltic-res.cloudinary.com/image/upload/d_ecommerce:backend-fallback.png/MAT_7008080_PCE_LV",
    "available": true,
    "discount": null
  },
  {
    "shop": "MAXIMA",
    "categories": [
      1,
      1001,
      10010019
    ],
    "productName": "Stipr.alk.dzēr. CHACHA TBILVINO 40% 0,5L",
    "productPriceOld": null,
    "productPrice": {
      "value": 15.55,
      "unit": "€"
    },
    "productPricePerUnit": {
      "value": 31.1,
      "unit": "€/l"
    },
    "productPriceWithLoyaltyCard": null,
    "productPricePerUnitWithLoyaltyCard": null,
    "imageUrl": "https://cdn.barbora.lv/products/d8d618e0-bad5-4d15-a484-84feed45262d_s.png",
    "available": true,
    "discount": null
  },
  {
    "shop": "MAXIMA",
    "categories": [
      1,
      1001,
      1001009
    ],
    "productName": "Viskijs BALLANTINE'S FINEST 40% 1l",
    "productPriceOld": null,
    "productPrice": {
      "value": 31.11,
      "unit": "€"
    },
    "productPricePerUnit": {
      "value": 31.11,
      "unit": "€/l"
    },
    "productPriceWithLoyaltyCard": null,
    "productPricePerUnitWithLoyaltyCard": null,
    "imageUrl": "https://cdn.barbora.lv/products/b8f47008-cbd8-4172-972a-54cc08197e5c_s.png",
    "available": true,
    "discount": null
  },
  {
    "shop": "RIMI",
    "categories": [
      1,
      1001,
      1001004
    ],
    "productName": "Dz.v. St. Clair Vicar's Choice 13% 0,75l",
    "productPriceOld": null,
    "productPrice": {
      "value": 23.35,
      "unit": "€/gab"
    },
    "productPricePerUnit": {
      "value": 31.13,
      "unit": "€/l"
    },
    "productPriceWithLoyaltyCard": null,
    "productPricePerUnitWithLoyaltyCard": null,
    "imageUrl": "https://rimibaltic-res.cloudinary.com/image/upload/d_ecommerce:backend-fallback.png/MAT_7059713_PCE_LV",
    "available": true,
    "discount": null
  },
  {
    "shop": "RIMI",
    "categories": [
      1,
      1001,
      10010016
    ],
    "productName": "Degvīns Exclusive Kosher 40% 0,7l",
    "productPriceOld": null,
    "productPrice": {
      "value": 21.79,
      "unit": "€/gab"
    },
    "productPricePerUnit": {
      "value": 31.13,
      "unit": "€/l"
    },
    "productPriceWithLoyaltyCard": null,
    "productPricePerUnitWithLoyaltyCard": null,
    "imageUrl": "https://rimibaltic-res.cloudinary.com/image/upload/d_ecommerce:backend-fallback.png/MAT_7058018_PCE_LV",
    "available": true,
    "discount": null
  },
  {
    "shop": "RIMI",
    "categories": [
      1,
      1001,
      10010010
    ],
    "productName": "Brendijs Gocha Askaneli 5 YO 40% 0,5l",
    "productPriceOld": null,
    "productPrice": {
      "value": 15.59,
      "unit": "€/gab"
    },
    "productPricePerUnit": {
      "value": 31.18,
      "unit": "€/l"
    },
    "productPriceWithLoyaltyCard": null,
    "productPricePerUnitWithLoyaltyCard": null,
    "imageUrl": "https://rimibaltic-res.cloudinary.com/image/upload/d_ecommerce:backend-fallback.png/MAT_7298404_PCE_LV",
    "available": true,
    "discount": null
  },
  {
    "shop": "RIMI",
    "categories": [
      1,
      1001,
      1001003
    ],
    "productName": "B.v. Matua Sauvignon Blanc 13% 0,75l",
    "productPriceOld": null,
    "productPrice": {
      "value": 23.39,
      "unit": "€/gab"
    },
    "productPricePerUnit": {
      "value": 31.19,
      "unit": "€/l"
    },
    "productPriceWithLoyaltyCard": null,
    "productPricePerUnitWithLoyaltyCard": null,
    "imageUrl": "https://rimibaltic-res.cloudinary.com/image/upload/d_ecommerce:backend-fallback.png/MAT_7289883_PCE_LV",
    "available": true,
    "discount": null
  },
  {
    "shop": "MAXIMA",
    "categories": [
      1,
      1001,
      1001009
    ],
    "productName": "Viskijs LAUDER'S 40% 0,7l",
    "productPriceOld": null,
    "productPrice": {
      "value": 21.84,
      "unit": "€"
    },
    "productPricePerUnit": {
      "value": 31.2,
      "unit": "€/l"
    },
    "productPriceWithLoyaltyCard": null,
    "productPricePerUnitWithLoyaltyCard": null,
    "imageUrl": "https://cdn.barbora.lv/products/319bc6e5-3d07-42f4-a626-1b843466c07d_s.png",
    "available": true,
    "discount": null
  },
  {
    "shop": "MAXIMA",
    "categories": [
      1,
      1001,
      1001007
    ],
    "productName": "Rums CONTRA-BANDO 38% 0,7L",
    "productPriceOld": null,
    "productPrice": {
      "value": 21.89,
      "unit": "€"
    },
    "productPricePerUnit": {
      "value": 31.27,
      "unit": "€/l"
    },
    "productPriceWithLoyaltyCard": null,
    "productPricePerUnitWithLoyaltyCard": null,
    "imageUrl": "https://cdn.barbora.lv/products/711c2452-cda5-404f-b5a1-088f6b907e0f_s.png",
    "available": true,
    "discount": null
  },
  {
    "shop": "MAXIMA",
    "categories": [
      1,
      1001,
      10010014
    ],
    "productName": "Balzams RIGA BLACK BALSAM 45% 0,35L GB",
    "productPriceOld": null,
    "productPrice": {
      "value": 10.99,
      "unit": "€"
    },
    "productPricePerUnit": {
      "value": 31.4,
      "unit": "€/l"
    },
    "productPriceWithLoyaltyCard": null,
    "productPricePerUnitWithLoyaltyCard": null,
    "imageUrl": "https://cdn.barbora.lv/products/bdaea753-7474-41ee-8d4e-6a8804b8adc7_s.png",
    "available": true,
    "discount": null
  },
  {
    "shop": "RIMI",
    "categories": [
      1,
      1001,
      1001009
    ],
    "productName": "Viskijs Jameson Caskmates 40% 0,7l",
    "productPriceOld": null,
    "productPrice": {
      "value": 30.85,
      "unit": "€/gab"
    },
    "productPricePerUnit": {
      "value": 44.07,
      "unit": "€/l"
    },
    "productPriceWithLoyaltyCard": {
      "value": 21.99,
      "unit": "€"
    },
    "productPricePerUnitWithLoyaltyCard": {
      "value": 31.41,
      "unit": "€/l"
    },
    "imageUrl": "https://rimibaltic-res.cloudinary.com/image/upload/d_ecommerce:backend-fallback.png/MAT_7171094_PCE_LV",
    "available": true,
    "discount": 29
  },
  {
    "shop": "MAXIMA",
    "categories": [
      1,
      1001,
      10010012
    ],
    "productName": "Džins CRAFTERS LONDON DRY 43% 0,7L",
    "productPriceOld": {
      "value": 27.33,
      "unit": "€"
    },
    "productPrice": {
      "value": 21.99,
      "unit": "€"
    },
    "productPricePerUnit": {
      "value": 31.41,
      "unit": "€/l"
    },
    "productPriceWithLoyaltyCard": null,
    "productPricePerUnitWithLoyaltyCard": null,
    "imageUrl": "https://cdn.barbora.lv/products/f6268c77-1109-433c-8c91-7395dfb99ac3_s.png",
    "available": true,
    "discount": 20
  },
  {
    "shop": "MAXIMA",
    "categories": [
      1,
      1001,
      1001009
    ],
    "productName": "Viskijs J.WALKER RED LABEL 40% 0,7l",
    "productPriceOld": null,
    "productPrice": {
      "value": 21.99,
      "unit": "€"
    },
    "productPricePerUnit": {
      "value": 31.41,
      "unit": "€/l"
    },
    "productPriceWithLoyaltyCard": null,
    "productPricePerUnitWithLoyaltyCard": null,
    "imageUrl": "https://cdn.barbora.lv/products/a19cd2b0-41c6-4d6c-a126-431f6a38bc3a_s.png",
    "available": true,
    "discount": null
  },
  {
    "shop": "MAXIMA",
    "categories": [
      1,
      1001,
      1001007
    ],
    "productName": "Rums CAPTAIN MORGAN BLACK 40% 0,7l",
    "productPriceOld": null,
    "productPrice": {
      "value": 21.99,
      "unit": "€"
    },
    "productPricePerUnit": {
      "value": 31.41,
      "unit": "€/l"
    },
    "productPriceWithLoyaltyCard": null,
    "productPricePerUnitWithLoyaltyCard": null,
    "imageUrl": "https://cdn.barbora.lv/products/935c7d96-2b6e-44b4-9eae-27580a5c1563_s.png",
    "available": true,
    "discount": null
  },
  {
    "shop": "CITRO",
    "categories": [
      1,
      1001,
      10010010
    ],
    "productName": "BRENDIJS ARARAT 5* 40% 0.7L",
    "productPriceOld": null,
    "productPrice": null,
    "productPricePerUnit": {
      "value": 31.41,
      "unit": "€/L"
    },
    "productPriceWithLoyaltyCard": null,
    "productPricePerUnitWithLoyaltyCard": null,
    "imageUrl": "https://rezekne.citro.lv/wp-content/uploads/2020/12/4850001002314-300x300.jpg",
    "available": true,
    "discount": null
  },
  {
    "shop": "MAXIMA",
    "categories": [
      1,
      1001,
      1001009
    ],
    "productName": "Viskijs GRANT'S RUM CASK 40% 0,7L",
    "productPriceOld": null,
    "productPrice": {
      "value": 22.02,
      "unit": "€"
    },
    "productPricePerUnit": {
      "value": 31.46,
      "unit": "€/l"
    },
    "productPriceWithLoyaltyCard": null,
    "productPricePerUnitWithLoyaltyCard": null,
    "imageUrl": "https://cdn.barbora.lv/products/9ccb3dbd-3edd-40e0-8b8b-26b37d789214_s.png",
    "available": true,
    "discount": null
  },
  {
    "shop": "MAXIMA",
    "categories": [
      1,
      1001,
      10010016
    ],
    "productName": "Degvīns ABSOLUT LIME 40% 0,7l",
    "productPriceOld": null,
    "productPrice": {
      "value": 22.08,
      "unit": "€"
    },
    "productPricePerUnit": {
      "value": 31.54,
      "unit": "€/l"
    },
    "productPriceWithLoyaltyCard": null,
    "productPricePerUnitWithLoyaltyCard": null,
    "imageUrl": "https://cdn.barbora.lv/products/e9b29ccc-fc45-44ab-9019-fea5fe3dfd6a_s.png",
    "available": true,
    "discount": null
  },
  {
    "shop": "MAXIMA",
    "categories": [
      1,
      1001,
      1001007
    ],
    "productName": "Rums BACARDI Carta Negra 37,5% 0,7L",
    "productPriceOld": null,
    "productPrice": {
      "value": 22.09,
      "unit": "€"
    },
    "productPricePerUnit": {
      "value": 31.56,
      "unit": "€/l"
    },
    "productPriceWithLoyaltyCard": null,
    "productPricePerUnitWithLoyaltyCard": null,
    "imageUrl": "https://cdn.barbora.lv/products/9839ff40-8abb-4022-b05e-830169d95653_s.png",
    "available": true,
    "discount": null
  },
  {
    "shop": "RIMI",
    "categories": [
      1,
      1001,
      10010013
    ],
    "productName": "Liķieris Jagermeister 35% 0,5l",
    "productPriceOld": null,
    "productPrice": {
      "value": 15.79,
      "unit": "€/gab"
    },
    "productPricePerUnit": {
      "value": 31.58,
      "unit": "€/l"
    },
    "productPriceWithLoyaltyCard": null,
    "productPricePerUnitWithLoyaltyCard": null,
    "imageUrl": "https://rimibaltic-res.cloudinary.com/image/upload/d_ecommerce:backend-fallback.png/MAT_102203_PCE_LV",
    "available": true,
    "discount": null
  },
  {
    "shop": "MAXIMA",
    "categories": [
      1,
      1001,
      10010019
    ],
    "productName": "Stip.alk.dz.CAPTAIN MORGAN SPIC.35% 0,5l",
    "productPriceOld": null,
    "productPrice": {
      "value": 15.79,
      "unit": "€"
    },
    "productPricePerUnit": {
      "value": 31.58,
      "unit": "€/l"
    },
    "productPriceWithLoyaltyCard": null,
    "productPricePerUnitWithLoyaltyCard": null,
    "imageUrl": "https://cdn.barbora.lv/products/262aaa8a-c854-4e1a-9d67-db54e2f8eb8a_s.png",
    "available": true,
    "discount": null
  },
  {
    "shop": "MAXIMA",
    "categories": [
      1,
      1001,
      1001003
    ],
    "productName": "Vīns ANTINORI PEPPOLO CHIANTI 13% 0,75L",
    "productPriceOld": null,
    "productPrice": {
      "value": 23.69,
      "unit": "€"
    },
    "productPricePerUnit": {
      "value": 31.59,
      "unit": "€/l"
    },
    "productPriceWithLoyaltyCard": null,
    "productPricePerUnitWithLoyaltyCard": null,
    "imageUrl": "https://cdn.barbora.lv/products/db11c822-662c-4669-9d39-c74e3b4d984c_s.png",
    "available": true,
    "discount": null
  },
  {
    "shop": "MAXIMA",
    "categories": [
      1,
      1001,
      10010010
    ],
    "productName": "Brendijs SARAJISHVILI 5* 40% 0,7L",
    "productPriceOld": null,
    "productPrice": {
      "value": 22.12,
      "unit": "€"
    },
    "productPricePerUnit": {
      "value": 31.6,
      "unit": "€/l"
    },
    "productPriceWithLoyaltyCard": null,
    "productPricePerUnitWithLoyaltyCard": null,
    "imageUrl": "https://cdn.barbora.lv/products/bb8177ec-99f2-48ac-b616-877ed8e7faa6_s.png",
    "available": true,
    "discount": null
  },
  {
    "shop": "RIMI",
    "categories": [
      1,
      1001,
      10010010
    ],
    "productName": "Brendijs St. Remy VSOP 36% 0,7l",
    "productPriceOld": null,
    "productPrice": {
      "value": 22.15,
      "unit": "€/gab"
    },
    "productPricePerUnit": {
      "value": 31.64,
      "unit": "€/l"
    },
    "productPriceWithLoyaltyCard": null,
    "productPricePerUnitWithLoyaltyCard": null,
    "imageUrl": "https://rimibaltic-res.cloudinary.com/image/upload/d_ecommerce:backend-fallback.png/MAT_101977_PCE_LV",
    "available": true,
    "discount": null
  },
  {
    "shop": "RIMI",
    "categories": [
      1,
      1001,
      1001009
    ],
    "productName": "Viskijs Bushmills original 40% 1l",
    "productPriceOld": null,
    "productPrice": {
      "value": 31.65,
      "unit": "€/gab"
    },
    "productPricePerUnit": {
      "value": 31.65,
      "unit": "€/l"
    },
    "productPriceWithLoyaltyCard": null,
    "productPricePerUnitWithLoyaltyCard": null,
    "imageUrl": "https://rimibaltic-res.cloudinary.com/image/upload/d_ecommerce:backend-fallback.png/MAT_7157615_PCE_LV",
    "available": true,
    "discount": null
  },
  {
    "shop": "RIMI",
    "categories": [
      1,
      1001,
      1001007
    ],
    "productName": "Rums Bacardi Carta Negra 37,5% 0,7l",
    "productPriceOld": null,
    "productPrice": {
      "value": 22.19,
      "unit": "€/gab"
    },
    "productPricePerUnit": {
      "value": 31.7,
      "unit": "€/l"
    },
    "productPriceWithLoyaltyCard": null,
    "productPricePerUnitWithLoyaltyCard": null,
    "imageUrl": "https://rimibaltic-res.cloudinary.com/image/upload/d_ecommerce:backend-fallback.png/MAT_101936_PCE_LV",
    "available": true,
    "discount": null
  },
  {
    "shop": "MAXIMA",
    "categories": [
      2,
      2001,
      20010015
    ],
    "productName": "Kraukšķīgie siera groziņi 110g",
    "productPriceOld": null,
    "productPrice": {
      "value": 3.49,
      "unit": "€"
    },
    "productPricePerUnit": {
      "value": 31.73,
      "unit": "€/kg"
    },
    "productPriceWithLoyaltyCard": null,
    "productPricePerUnitWithLoyaltyCard": null,
    "imageUrl": "https://cdn.barbora.lv/products/900bec2b-932a-41d6-852e-211b3cc39456_s.png",
    "available": true,
    "discount": null
  },
  {
    "shop": "MAXIMA",
    "categories": [
      1,
      1001,
      1001009
    ],
    "productName": "Viskijs GRANT'S TRIPLE WOOD 40% 0,7L",
    "productPriceOld": null,
    "productPrice": {
      "value": 22.26,
      "unit": "€"
    },
    "productPricePerUnit": {
      "value": 31.8,
      "unit": "€/l"
    },
    "productPriceWithLoyaltyCard": null,
    "productPricePerUnitWithLoyaltyCard": null,
    "imageUrl": "https://cdn.barbora.lv/products/77d678a0-5f4f-432c-9d8b-c33988e924e3_s.png",
    "available": true,
    "discount": null
  },
  {
    "shop": "RIMI",
    "categories": [
      2,
      2005
    ],
    "productName": "Kūciņas Cielaviņa 6 gab. 150g",
    "productPriceOld": null,
    "productPrice": {
      "value": 4.79,
      "unit": "€/gab"
    },
    "productPricePerUnit": {
      "value": 31.93,
      "unit": "€/kg"
    },
    "productPriceWithLoyaltyCard": null,
    "productPricePerUnitWithLoyaltyCard": null,
    "imageUrl": "https://rimibaltic-res.cloudinary.com/image/upload/d_ecommerce:backend-fallback.png/MAT_279725_PCE_LV",
    "available": true,
    "discount": null
  },
  {
    "shop": "MAXIMA",
    "categories": [
      2,
      2005
    ],
    "productName": "Kūciņas Cielaviņa STABURADZE 6x25g",
    "productPriceOld": null,
    "productPrice": {
      "value": 4.79,
      "unit": "€"
    },
    "productPricePerUnit": {
      "value": 31.93,
      "unit": "€/kg"
    },
    "productPriceWithLoyaltyCard": null,
    "productPricePerUnitWithLoyaltyCard": null,
    "imageUrl": "https://cdn.barbora.lv/products/8f5b9fbc-968b-4682-9139-03e9233225e5_s.png",
    "available": true,
    "discount": null
  },
  {
    "shop": "MAXIMA",
    "categories": [
      1,
      1001,
      1001009
    ],
    "productName": "Viskijs TULLAMORE DEW 40% 1l",
    "productPriceOld": null,
    "productPrice": {
      "value": 31.99,
      "unit": "€"
    },
    "productPricePerUnit": {
      "value": 31.99,
      "unit": "€/l"
    },
    "productPriceWithLoyaltyCard": null,
    "productPricePerUnitWithLoyaltyCard": null,
    "imageUrl": "https://cdn.barbora.lv/products/e0611e8a-727f-4521-9f81-70803fb12465_s.png",
    "available": true,
    "discount": null
  },
  {
    "shop": "RIMI",
    "categories": [
      1,
      1001,
      1001009
    ],
    "productName": "Viskijs Johnnie Walker Red Label 40% 0,7l",
    "productPriceOld": null,
    "productPrice": {
      "value": 22.45,
      "unit": "€/gab"
    },
    "productPricePerUnit": {
      "value": 32.07,
      "unit": "€/l"
    },
    "productPriceWithLoyaltyCard": null,
    "productPricePerUnitWithLoyaltyCard": null,
    "imageUrl": "https://rimibaltic-res.cloudinary.com/image/upload/d_ecommerce:backend-fallback.png/MAT_709237_PCE_LV",
    "available": true,
    "discount": null
  },
  {
    "shop": "RIMI",
    "categories": [
      1,
      1001,
      1001009
    ],
    "productName": "Viskijs Johnnie Walker Red Label 40% 0,7l",
    "productPriceOld": null,
    "productPrice": {
      "value": 22.45,
      "unit": "€/gab"
    },
    "productPricePerUnit": {
      "value": 32.07,
      "unit": "€/l"
    },
    "productPriceWithLoyaltyCard": null,
    "productPricePerUnitWithLoyaltyCard": null,
    "imageUrl": "https://rimibaltic-res.cloudinary.com/image/upload/d_ecommerce:backend-fallback.png/MAT_709237_PCE_LV",
    "available": true,
    "discount": null
  },
  {
    "shop": "RIMI",
    "categories": [
      1,
      1001,
      10010016
    ],
    "productName": "Degvīns Absolut Watermelon 38%  0,7L",
    "productPriceOld": null,
    "productPrice": {
      "value": 22.45,
      "unit": "€/gab"
    },
    "productPricePerUnit": {
      "value": 32.07,
      "unit": "€/l"
    },
    "productPriceWithLoyaltyCard": null,
    "productPricePerUnitWithLoyaltyCard": null,
    "imageUrl": "https://rimibaltic-res.cloudinary.com/image/upload/d_ecommerce:backend-fallback.png/MAT_7265840_PCE_LV",
    "available": true,
    "discount": null
  },
  {
    "shop": "MAXIMA",
    "categories": [
      1,
      1001,
      1001003
    ],
    "productName": "Vīns VILLA ANTINORI Toscana 13% 0,75L",
    "productPriceOld": null,
    "productPrice": {
      "value": 24.09,
      "unit": "€"
    },
    "productPricePerUnit": {
      "value": 32.12,
      "unit": "€/l"
    },
    "productPriceWithLoyaltyCard": null,
    "productPricePerUnitWithLoyaltyCard": null,
    "imageUrl": "https://cdn.barbora.lv/products/32192ebe-1616-47e5-8e8c-ca6456346630_s.png",
    "available": true,
    "discount": null
  },
  {
    "shop": "MAXIMA",
    "categories": [
      1,
      1001,
      10010010
    ],
    "productName": "Brendijs ARMJANSKIJ 3*40% 0,5L GB",
    "productPriceOld": null,
    "productPrice": {
      "value": 16.06,
      "unit": "€"
    },
    "productPricePerUnit": {
      "value": 32.12,
      "unit": "€/l"
    },
    "productPriceWithLoyaltyCard": null,
    "productPricePerUnitWithLoyaltyCard": null,
    "imageUrl": "https://cdn.barbora.lv/products/10350aad-83d7-482c-97a6-19e0946f76aa_s.png",
    "available": true,
    "discount": null
  },
  {
    "shop": "RIMI",
    "categories": [
      1,
      1001,
      10010016
    ],
    "productName": "Degvīns Absolut Grapefruit 40% 0,7l",
    "productPriceOld": null,
    "productPrice": {
      "value": 22.49,
      "unit": "€/gab"
    },
    "productPricePerUnit": {
      "value": 32.13,
      "unit": "€/l"
    },
    "productPriceWithLoyaltyCard": null,
    "productPricePerUnitWithLoyaltyCard": null,
    "imageUrl": "https://rimibaltic-res.cloudinary.com/image/upload/d_ecommerce:backend-fallback.png/MAT_7205631_PCE_LV",
    "available": true,
    "discount": null
  },
  {
    "shop": "RIMI",
    "categories": [
      1,
      1001,
      10010016
    ],
    "productName": "Degvīns Absolut Meža ogu 38% 0,7l",
    "productPriceOld": null,
    "productPrice": {
      "value": 22.49,
      "unit": "€/gab"
    },
    "productPricePerUnit": {
      "value": 32.13,
      "unit": "€/l"
    },
    "productPriceWithLoyaltyCard": null,
    "productPricePerUnitWithLoyaltyCard": null,
    "imageUrl": "https://rimibaltic-res.cloudinary.com/image/upload/d_ecommerce:backend-fallback.png/MAT_7298182_PCE_LV",
    "available": true,
    "discount": null
  },
  {
    "shop": "RIMI",
    "categories": [
      1,
      1001,
      10010016
    ],
    "productName": "Degvīns Absolut Vodka 40% 0,35l",
    "productPriceOld": null,
    "productPrice": {
      "value": 11.25,
      "unit": "€/gab"
    },
    "productPricePerUnit": {
      "value": 32.14,
      "unit": "€/l"
    },
    "productPriceWithLoyaltyCard": null,
    "productPricePerUnitWithLoyaltyCard": null,
    "imageUrl": "https://rimibaltic-res.cloudinary.com/image/upload/d_ecommerce:backend-fallback.png/MAT_7203813_PCE_LV",
    "available": true,
    "discount": null
  },
  {
    "shop": "RIMI",
    "categories": [
      1,
      1001,
      10010010
    ],
    "productName": "Brendijs Askaneli 5YO 40% 0,5l",
    "productPriceOld": null,
    "productPrice": {
      "value": 16.09,
      "unit": "€/gab"
    },
    "productPricePerUnit": {
      "value": 32.18,
      "unit": "€/l"
    },
    "productPriceWithLoyaltyCard": null,
    "productPricePerUnitWithLoyaltyCard": null,
    "imageUrl": "https://rimibaltic-res.cloudinary.com/image/upload/d_ecommerce:backend-fallback.png/MAT_7228050_PCE_LV",
    "available": true,
    "discount": null
  },
  {
    "shop": "MAXIMA",
    "categories": [
      1,
      1001,
      10010010
    ],
    "productName": "Brendijs ASKANELI 5YO 40% 0,5L",
    "productPriceOld": null,
    "productPrice": {
      "value": 16.09,
      "unit": "€"
    },
    "productPricePerUnit": {
      "value": 32.18,
      "unit": "€/l"
    },
    "productPriceWithLoyaltyCard": null,
    "productPricePerUnitWithLoyaltyCard": null,
    "imageUrl": "https://cdn.barbora.lv/products/aac2678d-ca9e-4b8b-815c-3bcdc65afd54_s.png",
    "available": true,
    "discount": null
  },
  {
    "shop": "RIMI",
    "categories": [
      1,
      1001,
      1001003
    ],
    "productName": "S.v.Villa Antinori 14% 0,75L",
    "productPriceOld": null,
    "productPrice": {
      "value": 24.19,
      "unit": "€/gab"
    },
    "productPricePerUnit": {
      "value": 32.25,
      "unit": "€/l"
    },
    "productPriceWithLoyaltyCard": null,
    "productPricePerUnitWithLoyaltyCard": null,
    "imageUrl": "https://rimibaltic-res.cloudinary.com/image/upload/d_ecommerce:backend-fallback.png/MAT_101571_PCE_LV",
    "available": true,
    "discount": null
  },
  {
    "shop": "RIMI",
    "categories": [
      1,
      1001,
      1001003
    ],
    "productName": "S.v. Ricossa Barbaresco DOCG 14% 0,75l",
    "productPriceOld": null,
    "productPrice": {
      "value": 24.19,
      "unit": "€/gab"
    },
    "productPricePerUnit": {
      "value": 32.25,
      "unit": "€/l"
    },
    "productPriceWithLoyaltyCard": null,
    "productPricePerUnitWithLoyaltyCard": null,
    "imageUrl": "https://rimibaltic-res.cloudinary.com/image/upload/d_ecommerce:backend-fallback.png/MAT_7217398_PCE_LV",
    "available": true,
    "discount": null
  },
  {
    "shop": "RIMI",
    "categories": [
      1,
      1001,
      1001007
    ],
    "productName": "Rums Havana Club Especial 37,5% 0,7l",
    "productPriceOld": null,
    "productPrice": {
      "value": 22.95,
      "unit": "€/gab"
    },
    "productPricePerUnit": {
      "value": 32.79,
      "unit": "€/l"
    },
    "productPriceWithLoyaltyCard": null,
    "productPricePerUnitWithLoyaltyCard": null,
    "imageUrl": "https://rimibaltic-res.cloudinary.com/image/upload/d_ecommerce:backend-fallback.png/MAT_7262725_PCE_LV",
    "available": true,
    "discount": null
  },
  {
    "shop": "RIMI",
    "categories": [
      1,
      1001,
      1001007
    ],
    "productName": "Rums Havana Club Especial 37,5% 0,7l",
    "productPriceOld": null,
    "productPrice": {
      "value": 22.95,
      "unit": "€/gab"
    },
    "productPricePerUnit": {
      "value": 32.79,
      "unit": "€/l"
    },
    "productPriceWithLoyaltyCard": null,
    "productPricePerUnitWithLoyaltyCard": null,
    "imageUrl": "https://rimibaltic-res.cloudinary.com/image/upload/d_ecommerce:backend-fallback.png/MAT_7262725_PCE_LV",
    "available": true,
    "discount": null
  },
  {
    "shop": "RIMI",
    "categories": [
      1,
      1001,
      10010016
    ],
    "productName": "Degvīns Koskenkorva Climate Action 40% 0,7l",
    "productPriceOld": null,
    "productPrice": {
      "value": 22.99,
      "unit": "€/gab"
    },
    "productPricePerUnit": {
      "value": 32.84,
      "unit": "€/l"
    },
    "productPriceWithLoyaltyCard": null,
    "productPricePerUnitWithLoyaltyCard": null,
    "imageUrl": "https://rimibaltic-res.cloudinary.com/image/upload/d_ecommerce:backend-fallback.png/MAT_7247237_PCE_LV",
    "available": true,
    "discount": null
  },
  {
    "shop": "RIMI",
    "categories": [
      1,
      1001,
      10010016
    ],
    "productName": "Degvīns Koskenkorva Climate Action 40% 0,7l",
    "productPriceOld": null,
    "productPrice": {
      "value": 22.99,
      "unit": "€/gab"
    },
    "productPricePerUnit": {
      "value": 32.84,
      "unit": "€/l"
    },
    "productPriceWithLoyaltyCard": null,
    "productPricePerUnitWithLoyaltyCard": null,
    "imageUrl": "https://rimibaltic-res.cloudinary.com/image/upload/d_ecommerce:backend-fallback.png/MAT_7247237_PCE_LV",
    "available": true,
    "discount": null
  },
  {
    "shop": "MAXIMA",
    "categories": [
      1,
      1001,
      10010010
    ],
    "productName": "Brendijs J.P.CHENET IMPERIALE 38% 0,5l",
    "productPriceOld": null,
    "productPrice": {
      "value": 16.42,
      "unit": "€"
    },
    "productPricePerUnit": {
      "value": 32.84,
      "unit": "€/l"
    },
    "productPriceWithLoyaltyCard": null,
    "productPricePerUnitWithLoyaltyCard": null,
    "imageUrl": "https://cdn.barbora.lv/products/563a5bf7-cc65-46e8-98f9-6bb9c0aa81e8_s.png",
    "available": true,
    "discount": null
  },
  {
    "shop": "MAXIMA",
    "categories": [
      1,
      1001,
      1001007
    ],
    "productName": "Rums PLANTERAY Black Cask 40% 0,7L",
    "productPriceOld": {
      "value": 40.31,
      "unit": "€"
    },
    "productPrice": {
      "value": 40.31,
      "unit": "€"
    },
    "productPricePerUnit": {
      "value": 57.59,
      "unit": "€/l"
    },
    "productPriceWithLoyaltyCard": {
      "value": 22.99,
      "unit": "€"
    },
    "productPricePerUnitWithLoyaltyCard": {
      "value": 32.85,
      "unit": "€/l"
    },
    "imageUrl": "https://cdn.barbora.lv/products/2b179533-6630-4583-8ba5-1f3edb53bb3b_s.png",
    "available": true,
    "discount": 43
  },
  {
    "shop": "RIMI",
    "categories": [
      1,
      1001,
      10010012
    ],
    "productName": "Džins Strange Luve Pink 40% 0,7l",
    "productPriceOld": null,
    "productPrice": {
      "value": 23.05,
      "unit": "€/gab"
    },
    "productPricePerUnit": {
      "value": 32.93,
      "unit": "€/l"
    },
    "productPriceWithLoyaltyCard": null,
    "productPricePerUnitWithLoyaltyCard": null,
    "imageUrl": "https://rimibaltic-res.cloudinary.com/image/upload/d_ecommerce:backend-fallback.png/MAT_7239720_PCE_LV",
    "available": true,
    "discount": null
  },
  {
    "shop": "RIMI",
    "categories": [
      1,
      1001,
      10010012
    ],
    "productName": "Džins Strange Luve London Dry 40% 0,7l",
    "productPriceOld": null,
    "productPrice": {
      "value": 23.05,
      "unit": "€/gab"
    },
    "productPricePerUnit": {
      "value": 32.93,
      "unit": "€/l"
    },
    "productPriceWithLoyaltyCard": null,
    "productPricePerUnitWithLoyaltyCard": null,
    "imageUrl": "https://rimibaltic-res.cloudinary.com/image/upload/d_ecommerce:backend-fallback.png/MAT_7239721_PCE_LV",
    "available": true,
    "discount": null
  },
  {
    "shop": "RIMI",
    "categories": [
      1,
      1001,
      10010012
    ],
    "productName": "Džins Strange Luve Pink 40% 0,7l",
    "productPriceOld": null,
    "productPrice": {
      "value": 23.05,
      "unit": "€/gab"
    },
    "productPricePerUnit": {
      "value": 32.93,
      "unit": "€/l"
    },
    "productPriceWithLoyaltyCard": null,
    "productPricePerUnitWithLoyaltyCard": null,
    "imageUrl": "https://rimibaltic-res.cloudinary.com/image/upload/d_ecommerce:backend-fallback.png/MAT_7239720_PCE_LV",
    "available": true,
    "discount": null
  },
  {
    "shop": "RIMI",
    "categories": [
      1,
      1001,
      10010012
    ],
    "productName": "Džins Strange Luve London Dry 40% 0,7l",
    "productPriceOld": null,
    "productPrice": {
      "value": 23.05,
      "unit": "€/gab"
    },
    "productPricePerUnit": {
      "value": 32.93,
      "unit": "€/l"
    },
    "productPriceWithLoyaltyCard": null,
    "productPricePerUnitWithLoyaltyCard": null,
    "imageUrl": "https://rimibaltic-res.cloudinary.com/image/upload/d_ecommerce:backend-fallback.png/MAT_7239721_PCE_LV",
    "available": true,
    "discount": null
  },
  {
    "shop": "MAXIMA",
    "categories": [
      1,
      1001,
      10010019
    ],
    "productName": "St.alk.dz. MARCATI GRAPPA RIS. 40% 0,7L",
    "productPriceOld": null,
    "productPrice": {
      "value": 23.21,
      "unit": "€"
    },
    "productPricePerUnit": {
      "value": 33.16,
      "unit": "€/l"
    },
    "productPriceWithLoyaltyCard": null,
    "productPricePerUnitWithLoyaltyCard": null,
    "imageUrl": "https://cdn.barbora.lv/products/bed5a640-1fb5-4b42-aa18-020cfb65f9e5_s.png",
    "available": true,
    "discount": null
  },
  {
    "shop": "RIMI",
    "categories": [
      1,
      1002,
      10010027
    ],
    "productName": "Imunitātes deva SUN365 ar ingveru 60g",
    "productPriceOld": null,
    "productPrice": {
      "value": 1.99,
      "unit": "€/gab"
    },
    "productPricePerUnit": {
      "value": 33.17,
      "unit": "€/l"
    },
    "productPriceWithLoyaltyCard": null,
    "productPricePerUnitWithLoyaltyCard": null,
    "imageUrl": "https://rimibaltic-res.cloudinary.com/image/upload/d_ecommerce:backend-fallback.png/MAT_932720_PCE_LV",
    "available": true,
    "discount": null
  },
  {
    "shop": "RIMI",
    "categories": [
      1,
      1002,
      10010027
    ],
    "productName": "SUN365 imunitātes dzēr. ar D vitamīnu",
    "productPriceOld": null,
    "productPrice": {
      "value": 1.99,
      "unit": "€/gab"
    },
    "productPricePerUnit": {
      "value": 33.17,
      "unit": "€/l"
    },
    "productPriceWithLoyaltyCard": null,
    "productPricePerUnitWithLoyaltyCard": null,
    "imageUrl": "https://rimibaltic-res.cloudinary.com/image/upload/d_ecommerce:backend-fallback.png/MAT_1370776_PCE_LV",
    "available": true,
    "discount": null
  },
  {
    "shop": "MAXIMA",
    "categories": [
      1,
      1002,
      10010020
    ],
    "productName": "Augļu sula ar ingveru SUN 365 60ml",
    "productPriceOld": null,
    "productPrice": {
      "value": 1.99,
      "unit": "€"
    },
    "productPricePerUnit": {
      "value": 33.17,
      "unit": "€/l"
    },
    "productPriceWithLoyaltyCard": null,
    "productPricePerUnitWithLoyaltyCard": null,
    "imageUrl": "https://cdn.barbora.lv/products/4ba231c3-5ec7-45a4-b678-da80033f6ac9_s.png",
    "available": true,
    "discount": null
  },
  {
    "shop": "MAXIMA",
    "categories": [
      1,
      1002,
      10010020
    ],
    "productName": "Augļu sula ar D vitamīnu SUN365 60ml",
    "productPriceOld": null,
    "productPrice": {
      "value": 1.99,
      "unit": "€"
    },
    "productPricePerUnit": {
      "value": 33.17,
      "unit": "€/l"
    },
    "productPriceWithLoyaltyCard": null,
    "productPricePerUnitWithLoyaltyCard": null,
    "imageUrl": "https://cdn.barbora.lv/products/57566e61-14b7-44c4-bce1-3915b73c4220_s.png",
    "available": true,
    "discount": null
  },
  {
    "shop": "MAXIMA",
    "categories": [
      1,
      1002,
      10010020
    ],
    "productName": "Augļu sula ar C vitamīnu SUN365 60ml",
    "productPriceOld": null,
    "productPrice": {
      "value": 1.99,
      "unit": "€"
    },
    "productPricePerUnit": {
      "value": 33.17,
      "unit": "€/l"
    },
    "productPriceWithLoyaltyCard": null,
    "productPricePerUnitWithLoyaltyCard": null,
    "imageUrl": "https://cdn.barbora.lv/products/3927f8a2-834b-4649-bc0f-abe682a2dba4_s.png",
    "available": true,
    "discount": null
  },
  {
    "shop": "MAXIMA",
    "categories": [
      1,
      1001,
      1001003
    ],
    "productName": "Vīns PENFOLDS Max's Shiraz 14,5% 0,75L",
    "productPriceOld": null,
    "productPrice": {
      "value": 24.89,
      "unit": "€"
    },
    "productPricePerUnit": {
      "value": 33.19,
      "unit": "€/l"
    },
    "productPriceWithLoyaltyCard": null,
    "productPricePerUnitWithLoyaltyCard": null,
    "imageUrl": "https://cdn.barbora.lv/products/c7331a79-cb61-472e-ad26-8beaf3d85a9e_s.png",
    "available": true,
    "discount": null
  },
  {
    "shop": "MAXIMA",
    "categories": [
      1,
      1001,
      10010019
    ],
    "productName": "St.alk.dz. BALLANTINE'S Brasil 30% 0,7L",
    "productPriceOld": null,
    "productPrice": {
      "value": 23.24,
      "unit": "€"
    },
    "productPricePerUnit": {
      "value": 33.2,
      "unit": "€/l"
    },
    "productPriceWithLoyaltyCard": null,
    "productPricePerUnitWithLoyaltyCard": null,
    "imageUrl": "https://cdn.barbora.lv/products/1124604a-cc76-487e-9ac6-e929f4c96096_s.png",
    "available": true,
    "discount": null
  },
  {
    "shop": "MAXIMA",
    "categories": [
      1,
      1001,
      1001003
    ],
    "productName": "Vīns SAN MARZANO Prim.Di Mand.14,5%0,75L",
    "productPriceOld": {
      "value": 50.27,
      "unit": "€"
    },
    "productPrice": {
      "value": 50.27,
      "unit": "€"
    },
    "productPricePerUnit": {
      "value": 67.03,
      "unit": "€/l"
    },
    "productPriceWithLoyaltyCard": {
      "value": 24.99,
      "unit": "€"
    },
    "productPricePerUnitWithLoyaltyCard": {
      "value": 33.32,
      "unit": "€/l"
    },
    "imageUrl": "https://cdn.barbora.lv/products/068be9bf-e659-4548-ad7b-5ce1c720e418_s.png",
    "available": true,
    "discount": 50
  },
  {
    "shop": "MAXIMA",
    "categories": [
      1,
      1001,
      1001004
    ],
    "productName": "CHARLES DE CAZANOVE TRADITION PERE&FILS 12% 0,75L",
    "productPriceOld": {
      "value": 38.25,
      "unit": "€"
    },
    "productPrice": {
      "value": 38.25,
      "unit": "€"
    },
    "productPricePerUnit": {
      "value": 51,
      "unit": "€/l"
    },
    "productPriceWithLoyaltyCard": {
      "value": 24.99,
      "unit": "€"
    },
    "productPricePerUnitWithLoyaltyCard": {
      "value": 33.32,
      "unit": "€/l"
    },
    "imageUrl": "https://cdn.barbora.lv/products/7035f0e4-e001-4569-a2bf-4a7cb337bb2d_s.png",
    "available": true,
    "discount": 35
  },
  {
    "shop": "RIMI",
    "categories": [
      1,
      1001,
      10010010
    ],
    "productName": "Brendijs Torres 5 38% 0,5l",
    "productPriceOld": null,
    "productPrice": {
      "value": 16.69,
      "unit": "€/gab"
    },
    "productPricePerUnit": {
      "value": 33.38,
      "unit": "€/l"
    },
    "productPriceWithLoyaltyCard": null,
    "productPricePerUnitWithLoyaltyCard": null,
    "imageUrl": "https://rimibaltic-res.cloudinary.com/image/upload/d_ecommerce:backend-fallback.png/MAT_708485_PCE_LV",
    "available": true,
    "discount": null
  },
  {
    "shop": "RIMI",
    "categories": [
      1,
      1001,
      10010010
    ],
    "productName": "Brendijs Torres 5 38% 0,5l",
    "productPriceOld": null,
    "productPrice": {
      "value": 16.69,
      "unit": "€/gab"
    },
    "productPricePerUnit": {
      "value": 33.38,
      "unit": "€/l"
    },
    "productPriceWithLoyaltyCard": null,
    "productPricePerUnitWithLoyaltyCard": null,
    "imageUrl": "https://rimibaltic-res.cloudinary.com/image/upload/d_ecommerce:backend-fallback.png/MAT_708485_PCE_LV",
    "available": true,
    "discount": null
  },
  {
    "shop": "RIMI",
    "categories": [
      1,
      1001,
      1001009
    ],
    "productName": "Viskijs Grant's Tropical Fiesta 30% 0,7l",
    "productPriceOld": null,
    "productPrice": {
      "value": 23.39,
      "unit": "€/gab"
    },
    "productPricePerUnit": {
      "value": 33.41,
      "unit": "€/l"
    },
    "productPriceWithLoyaltyCard": null,
    "productPricePerUnitWithLoyaltyCard": null,
    "imageUrl": "https://rimibaltic-res.cloudinary.com/image/upload/d_ecommerce:backend-fallback.png/MAT_7295519_PCE_LV",
    "available": true,
    "discount": null
  },
  {
    "shop": "MAXIMA",
    "categories": [
      1,
      1001,
      1001009
    ],
    "productName": "Viskijs FOUR ROSES 40% 1l",
    "productPriceOld": null,
    "productPrice": {
      "value": 33.44,
      "unit": "€"
    },
    "productPricePerUnit": {
      "value": 33.44,
      "unit": "€/l"
    },
    "productPriceWithLoyaltyCard": null,
    "productPricePerUnitWithLoyaltyCard": null,
    "imageUrl": "https://cdn.barbora.lv/products/42f2bf9c-c729-4f92-b9f7-b209aab51dac_s.png",
    "available": true,
    "discount": null
  },
  {
    "shop": "MAXIMA",
    "categories": [
      1,
      1001,
      10010010
    ],
    "productName": "Brendijs FRENCH LABEL 36% 0,2L",
    "productPriceOld": null,
    "productPrice": {
      "value": 6.69,
      "unit": "€"
    },
    "productPricePerUnit": {
      "value": 33.45,
      "unit": "€/l"
    },
    "productPriceWithLoyaltyCard": null,
    "productPricePerUnitWithLoyaltyCard": null,
    "imageUrl": "https://cdn.barbora.lv/products/590364b7-7b7b-4f08-a63c-096bf121964e_s.png",
    "available": true,
    "discount": null
  },
  {
    "shop": "RIMI",
    "categories": [
      1,
      1001,
      10010010
    ],
    "productName": "Brendijs Metaxa 5* 38% 0,7l",
    "productPriceOld": null,
    "productPrice": {
      "value": 23.45,
      "unit": "€/gab"
    },
    "productPricePerUnit": {
      "value": 33.5,
      "unit": "€/l"
    },
    "productPriceWithLoyaltyCard": null,
    "productPricePerUnitWithLoyaltyCard": null,
    "imageUrl": "https://rimibaltic-res.cloudinary.com/image/upload/d_ecommerce:backend-fallback.png/MAT_688988_PCE_LV",
    "available": true,
    "discount": null
  },
  {
    "shop": "RIMI",
    "categories": [
      1,
      1001,
      10010010
    ],
    "productName": "Brendijs Metaxa 5 Orange 38% 0,7l",
    "productPriceOld": null,
    "productPrice": {
      "value": 23.45,
      "unit": "€/gab"
    },
    "productPricePerUnit": {
      "value": 33.5,
      "unit": "€/l"
    },
    "productPriceWithLoyaltyCard": null,
    "productPricePerUnitWithLoyaltyCard": null,
    "imageUrl": "https://rimibaltic-res.cloudinary.com/image/upload/d_ecommerce:backend-fallback.png/MAT_7273076_PCE_LV",
    "available": true,
    "discount": null
  },
  {
    "shop": "RIMI",
    "categories": [
      1,
      1001,
      10010010
    ],
    "productName": "Brendijs Metaxa 5 Orange 38% 0,7l",
    "productPriceOld": null,
    "productPrice": {
      "value": 23.45,
      "unit": "€/gab"
    },
    "productPricePerUnit": {
      "value": 33.5,
      "unit": "€/l"
    },
    "productPriceWithLoyaltyCard": null,
    "productPricePerUnitWithLoyaltyCard": null,
    "imageUrl": "https://rimibaltic-res.cloudinary.com/image/upload/d_ecommerce:backend-fallback.png/MAT_7273076_PCE_LV",
    "available": true,
    "discount": null
  },
  {
    "shop": "RIMI",
    "categories": [
      1,
      1001,
      1001007
    ],
    "productName": "Rums Captain Morgan Black Label 40% 0,7l",
    "productPriceOld": null,
    "productPrice": {
      "value": 23.49,
      "unit": "€/gab"
    },
    "productPricePerUnit": {
      "value": 33.56,
      "unit": "€/l"
    },
    "productPriceWithLoyaltyCard": null,
    "productPricePerUnitWithLoyaltyCard": null,
    "imageUrl": "https://rimibaltic-res.cloudinary.com/image/upload/d_ecommerce:backend-fallback.png/MAT_688622_PCE_LV",
    "available": true,
    "discount": null
  },
  {
    "shop": "RIMI",
    "categories": [
      1,
      1001,
      10010010
    ],
    "productName": "Brendijs Beehive Xo 40% 0,7l",
    "productPriceOld": null,
    "productPrice": {
      "value": 23.49,
      "unit": "€/gab"
    },
    "productPricePerUnit": {
      "value": 33.56,
      "unit": "€/l"
    },
    "productPriceWithLoyaltyCard": null,
    "productPricePerUnitWithLoyaltyCard": null,
    "imageUrl": "https://rimibaltic-res.cloudinary.com/image/upload/d_ecommerce:backend-fallback.png/MAT_7286731_PCE_LV",
    "available": true,
    "discount": null
  },
  {
    "shop": "RIMI",
    "categories": [
      1,
      1001,
      10010010
    ],
    "productName": "Brendijs JP Chenet Resererve Imper. 38% 0,5l",
    "productPriceOld": null,
    "productPrice": {
      "value": 16.79,
      "unit": "€/gab"
    },
    "productPricePerUnit": {
      "value": 33.58,
      "unit": "€/l"
    },
    "productPriceWithLoyaltyCard": null,
    "productPricePerUnitWithLoyaltyCard": null,
    "imageUrl": "https://rimibaltic-res.cloudinary.com/image/upload/d_ecommerce:backend-fallback.png/MAT_7093476_PCE_LV",
    "available": true,
    "discount": null
  },
  {
    "shop": "RIMI",
    "categories": [
      1,
      1001,
      1001007
    ],
    "productName": "Rums Captain Morgan Spiced Gold 35% 0,5l",
    "productPriceOld": null,
    "productPrice": {
      "value": 16.85,
      "unit": "€/gab"
    },
    "productPricePerUnit": {
      "value": 33.7,
      "unit": "€/l"
    },
    "productPriceWithLoyaltyCard": null,
    "productPricePerUnitWithLoyaltyCard": null,
    "imageUrl": "https://rimibaltic-res.cloudinary.com/image/upload/d_ecommerce:backend-fallback.png/MAT_152689_PCE_LV",
    "available": true,
    "discount": null
  },
  {
    "shop": "RIMI",
    "categories": [
      1,
      1001,
      10010013
    ],
    "productName": "Liķieris Jagermeister 35% 0,2l",
    "productPriceOld": null,
    "productPrice": {
      "value": 6.75,
      "unit": "€/gab"
    },
    "productPricePerUnit": {
      "value": 33.75,
      "unit": "€/l"
    },
    "productPriceWithLoyaltyCard": null,
    "productPricePerUnitWithLoyaltyCard": null,
    "imageUrl": "https://rimibaltic-res.cloudinary.com/image/upload/d_ecommerce:backend-fallback.png/MAT_7128890_PCE_LV",
    "available": true,
    "discount": null
  },
  {
    "shop": "MAXIMA",
    "categories": [
      1,
      1001,
      1001007
    ],
    "productName": "Rums PLANTATION 3 STARS ARTIS. 41,2% 0,7",
    "productPriceOld": null,
    "productPrice": {
      "value": 23.71,
      "unit": "€"
    },
    "productPricePerUnit": {
      "value": 33.87,
      "unit": "€/l"
    },
    "productPriceWithLoyaltyCard": null,
    "productPricePerUnitWithLoyaltyCard": null,
    "imageUrl": "https://cdn.barbora.lv/products/2bf35d07-ef33-4b2c-85a0-22b4fce46212_s.png",
    "available": true,
    "discount": null
  },
  {
    "shop": "RIMI",
    "categories": [
      1,
      1001,
      10010016
    ],
    "productName": "Degvīns Finlandia 40% 0,7l",
    "productPriceOld": null,
    "productPrice": {
      "value": 23.75,
      "unit": "€/gab"
    },
    "productPricePerUnit": {
      "value": 33.93,
      "unit": "€/l"
    },
    "productPriceWithLoyaltyCard": null,
    "productPricePerUnitWithLoyaltyCard": null,
    "imageUrl": "https://rimibaltic-res.cloudinary.com/image/upload/d_ecommerce:backend-fallback.png/MAT_689000_PCE_LV",
    "available": true,
    "discount": null
  },
  {
    "shop": "RIMI",
    "categories": [
      1,
      1001,
      10010016
    ],
    "productName": "Degvīns Finlandia Blackcurrant 37,5% 0,7l",
    "productPriceOld": null,
    "productPrice": {
      "value": 23.75,
      "unit": "€/gab"
    },
    "productPricePerUnit": {
      "value": 33.93,
      "unit": "€/l"
    },
    "productPriceWithLoyaltyCard": null,
    "productPricePerUnitWithLoyaltyCard": null,
    "imageUrl": "https://rimibaltic-res.cloudinary.com/image/upload/d_ecommerce:backend-fallback.png/MAT_7000707_PCE_LV",
    "available": true,
    "discount": null
  },
  {
    "shop": "RIMI",
    "categories": [
      1,
      1001,
      10010016
    ],
    "productName": "Degvīns Finlandia Grapefruit 37,5% 0,7l",
    "productPriceOld": null,
    "productPrice": {
      "value": 23.75,
      "unit": "€/gab"
    },
    "productPricePerUnit": {
      "value": 33.93,
      "unit": "€/l"
    },
    "productPriceWithLoyaltyCard": null,
    "productPricePerUnitWithLoyaltyCard": null,
    "imageUrl": "https://rimibaltic-res.cloudinary.com/image/upload/d_ecommerce:backend-fallback.png/MAT_7131876_PCE_LV",
    "available": true,
    "discount": null
  },
  {
    "shop": "MAXIMA",
    "categories": [
      1,
      1001,
      10010019
    ],
    "productName": "Stiprs alkoholiskais dzēriens BACARDI Limon 27% 0,7L",
    "productPriceOld": null,
    "productPrice": {
      "value": 23.75,
      "unit": "€"
    },
    "productPricePerUnit": {
      "value": 33.93,
      "unit": "€/l"
    },
    "productPriceWithLoyaltyCard": null,
    "productPricePerUnitWithLoyaltyCard": null,
    "imageUrl": "https://cdn.barbora.lv/products/9845345b-7c26-4d70-ba9a-7df912012f94_s.png",
    "available": true,
    "discount": null
  },
  {
    "shop": "MAXIMA",
    "categories": [
      1,
      1001,
      10010019
    ],
    "productName": "Stipr.alk.dzēr. BACARDI Razz 27% 0,7L",
    "productPriceOld": null,
    "productPrice": {
      "value": 23.75,
      "unit": "€"
    },
    "productPricePerUnit": {
      "value": 33.93,
      "unit": "€/l"
    },
    "productPriceWithLoyaltyCard": null,
    "productPricePerUnitWithLoyaltyCard": null,
    "imageUrl": "https://cdn.barbora.lv/products/8e10d527-b3fd-431d-85a8-e3981122f7a3_s.png",
    "available": true,
    "discount": null
  },
  {
    "shop": "RIMI",
    "categories": [
      1,
      1001,
      1001009
    ],
    "productName": "Viskijs Jack Daniels 40% 0,5L",
    "productPriceOld": null,
    "productPrice": {
      "value": 23.09,
      "unit": "€/gab"
    },
    "productPricePerUnit": {
      "value": 46.18,
      "unit": "€/l"
    },
    "productPriceWithLoyaltyCard": {
      "value": 16.99,
      "unit": "€"
    },
    "productPricePerUnitWithLoyaltyCard": {
      "value": 33.98,
      "unit": "€/l"
    },
    "imageUrl": "https://rimibaltic-res.cloudinary.com/image/upload/d_ecommerce:backend-fallback.png/MAT_678967_PCE_LV",
    "available": true,
    "discount": 26
  },
  {
    "shop": "CITRO",
    "categories": [
      1,
      1001,
      1001009
    ],
    "productName": "VISKIJS JAMESON 40% 0.5L",
    "productPriceOld": null,
    "productPrice": null,
    "productPricePerUnit": {
      "value": 33.98,
      "unit": "€/L"
    },
    "productPriceWithLoyaltyCard": null,
    "productPricePerUnitWithLoyaltyCard": null,
    "imageUrl": "https://rezekne.citro.lv/wp-content/uploads/2021/07/5011007015534-300x300.jpg",
    "available": true,
    "discount": null
  },
  {
    "shop": "RIMI",
    "categories": [
      1,
      1001,
      1001003
    ],
    "productName": "Sarkanvīns Adati Khvanchkara 11% 0,75l",
    "productPriceOld": null,
    "productPrice": {
      "value": 25.49,
      "unit": "€/gab"
    },
    "productPricePerUnit": {
      "value": 33.99,
      "unit": "€/l"
    },
    "productPriceWithLoyaltyCard": null,
    "productPricePerUnitWithLoyaltyCard": null,
    "imageUrl": "https://rimibaltic-res.cloudinary.com/image/upload/d_ecommerce:backend-fallback.png/MAT_7252193_PCE_LV",
    "available": true,
    "discount": null
  },
  {
    "shop": "MAXIMA",
    "categories": [
      1,
      1001,
      1001007
    ],
    "productName": "Rums ANGOSTURA WHITE RESERVA 37,5% 0,7l",
    "productPriceOld": null,
    "productPrice": {
      "value": 23.93,
      "unit": "€"
    },
    "productPricePerUnit": {
      "value": 34.19,
      "unit": "€/l"
    },
    "productPriceWithLoyaltyCard": null,
    "productPricePerUnitWithLoyaltyCard": null,
    "imageUrl": "https://cdn.barbora.lv/products/df417341-809d-46f1-af9f-c6aacf468abc_s.png",
    "available": true,
    "discount": null
  },
  {
    "shop": "RIMI",
    "categories": [
      1,
      1001,
      1001007
    ],
    "productName": "Rums Havana Club Anejo Especial 37.5% 1l",
    "productPriceOld": null,
    "productPrice": {
      "value": 34.25,
      "unit": "€/gab"
    },
    "productPricePerUnit": {
      "value": 34.25,
      "unit": "€/l"
    },
    "productPriceWithLoyaltyCard": null,
    "productPricePerUnitWithLoyaltyCard": null,
    "imageUrl": "https://rimibaltic-res.cloudinary.com/image/upload/d_ecommerce:backend-fallback.png/MAT_7286754_PCE_LV",
    "available": true,
    "discount": null
  },
  {
    "shop": "MAXIMA",
    "categories": [
      1,
      1001,
      10010013
    ],
    "productName": "Liķieris BAILEY'S IRISH CREAM 17% 0,7l",
    "productPriceOld": null,
    "productPrice": {
      "value": 23.99,
      "unit": "€"
    },
    "productPricePerUnit": {
      "value": 34.27,
      "unit": "€/l"
    },
    "productPriceWithLoyaltyCard": null,
    "productPricePerUnitWithLoyaltyCard": null,
    "imageUrl": "https://cdn.barbora.lv/products/5d52bfd7-4aa4-4106-afc2-5d40a365995c_s.png",
    "available": true,
    "discount": null
  },
  {
    "shop": "MAXIMA",
    "categories": [
      1,
      1001,
      1001007
    ],
    "productName": "Rums ANGOSTURA Tamboo Spiced 40% 0,7L",
    "productPriceOld": {
      "value": 31.78,
      "unit": "€"
    },
    "productPrice": {
      "value": 31.78,
      "unit": "€"
    },
    "productPricePerUnit": {
      "value": 45.4,
      "unit": "€/l"
    },
    "productPriceWithLoyaltyCard": {
      "value": 23.99,
      "unit": "€"
    },
    "productPricePerUnitWithLoyaltyCard": {
      "value": 34.27,
      "unit": "€/l"
    },
    "imageUrl": "https://cdn.barbora.lv/products/e8c97d49-6cc7-4db2-99c8-dacd55bcdec2_s.png",
    "available": true,
    "discount": 25
  },
  {
    "shop": "CITRO",
    "categories": [
      1,
      1001,
      1001009
    ],
    "productName": "VISKIJS JACK DANIELS TENNESSEE APPLE 35% 0.7L",
    "productPriceOld": {
      "value": 25.99,
      "unit": "€"
    },
    "productPrice": {
      "value": 23.99,
      "unit": "€"
    },
    "productPricePerUnit": {
      "value": 34.27,
      "unit": "€/L"
    },
    "productPriceWithLoyaltyCard": null,
    "productPricePerUnitWithLoyaltyCard": null,
    "imageUrl": "https://rezekne.citro.lv/wp-content/uploads/2022/10/5099873017623.jpg",
    "available": true,
    "discount": 8
  },
  {
    "shop": "MAXIMA",
    "categories": [
      1,
      1001,
      10010010
    ],
    "productName": "Brendijs ST.REMY VSOP 36% 0,5l",
    "productPriceOld": null,
    "productPrice": {
      "value": 17.19,
      "unit": "€"
    },
    "productPricePerUnit": {
      "value": 34.38,
      "unit": "€/l"
    },
    "productPriceWithLoyaltyCard": null,
    "productPricePerUnitWithLoyaltyCard": null,
    "imageUrl": "https://cdn.barbora.lv/products/22c69154-3708-4f7b-bfd7-2bcd54fb9628_s.png",
    "available": true,
    "discount": null
  },
  {
    "shop": "MAXIMA",
    "categories": [
      1,
      1001,
      10010010
    ],
    "productName": "Brendijs BARDAR Divin 3YO 40% 0,5L",
    "productPriceOld": null,
    "productPrice": {
      "value": 17.22,
      "unit": "€"
    },
    "productPricePerUnit": {
      "value": 34.44,
      "unit": "€/l"
    },
    "productPriceWithLoyaltyCard": null,
    "productPricePerUnitWithLoyaltyCard": null,
    "imageUrl": "https://cdn.barbora.lv/products/48dbf4c4-d08b-4672-bcf6-1f107ecf21be_s.png",
    "available": true,
    "discount": null
  },
  {
    "shop": "RIMI",
    "categories": [
      1,
      1001,
      1001003
    ],
    "productName": "B.v. Francois Martenot Chablis 12,5% 0,75l",
    "productPriceOld": null,
    "productPrice": {
      "value": 25.89,
      "unit": "€/gab"
    },
    "productPricePerUnit": {
      "value": 34.52,
      "unit": "€/l"
    },
    "productPriceWithLoyaltyCard": null,
    "productPricePerUnitWithLoyaltyCard": null,
    "imageUrl": "https://rimibaltic-res.cloudinary.com/image/upload/d_ecommerce:backend-fallback.png/MAT_7220753_PCE_LV",
    "available": true,
    "discount": null
  },
  {
    "shop": "MAXIMA",
    "categories": [
      1,
      1001,
      1001003
    ],
    "productName": "Vīns PENFOLDS Max's Shiraz Cabernet 14,5%0,75L",
    "productPriceOld": null,
    "productPrice": {
      "value": 25.99,
      "unit": "€"
    },
    "productPricePerUnit": {
      "value": 34.65,
      "unit": "€/l"
    },
    "productPriceWithLoyaltyCard": null,
    "productPricePerUnitWithLoyaltyCard": null,
    "imageUrl": "https://cdn.barbora.lv/products/7ff39985-837f-4582-85bf-61c6beade89a_s.png",
    "available": true,
    "discount": null
  },
  {
    "shop": "MAXIMA",
    "categories": [
      1,
      1001,
      10010011
    ],
    "productName": "Tekila OLMECA Silver 35% 0,7L",
    "productPriceOld": null,
    "productPrice": {
      "value": 24.27,
      "unit": "€"
    },
    "productPricePerUnit": {
      "value": 34.67,
      "unit": "€/l"
    },
    "productPriceWithLoyaltyCard": null,
    "productPricePerUnitWithLoyaltyCard": null,
    "imageUrl": "https://cdn.barbora.lv/products/7740034a-7147-4e43-85dd-cc81efa8520b_s.png",
    "available": true,
    "discount": null
  },
  {
    "shop": "RIMI",
    "categories": [
      1,
      1001,
      10010010
    ],
    "productName": "Brendijs Metaxa 5* 38% 0,5l",
    "productPriceOld": null,
    "productPrice": {
      "value": 17.35,
      "unit": "€/gab"
    },
    "productPricePerUnit": {
      "value": 34.7,
      "unit": "€/l"
    },
    "productPriceWithLoyaltyCard": null,
    "productPricePerUnitWithLoyaltyCard": null,
    "imageUrl": "https://rimibaltic-res.cloudinary.com/image/upload/d_ecommerce:backend-fallback.png/MAT_109716_PCE_LV",
    "available": true,
    "discount": null
  },
  {
    "shop": "MAXIMA",
    "categories": [
      1,
      1001,
      1001009
    ],
    "productName": "Viskijs FOUR ROSES 40% 0,7l",
    "productPriceOld": null,
    "productPrice": {
      "value": 24.31,
      "unit": "€"
    },
    "productPricePerUnit": {
      "value": 34.73,
      "unit": "€/l"
    },
    "productPriceWithLoyaltyCard": null,
    "productPricePerUnitWithLoyaltyCard": null,
    "imageUrl": "https://cdn.barbora.lv/products/2ba29aba-87f2-4346-b4a9-41dc816ff59d_s.png",
    "available": true,
    "discount": null
  },
  {
    "shop": "MAXIMA",
    "categories": [
      2,
      2001,
      20010011
    ],
    "productName": "Sēklu krekeri THE BEGINNINGS jūr.sāl.80g",
    "productPriceOld": null,
    "productPrice": {
      "value": 2.79,
      "unit": "€"
    },
    "productPricePerUnit": {
      "value": 34.88,
      "unit": "€/kg"
    },
    "productPriceWithLoyaltyCard": null,
    "productPricePerUnitWithLoyaltyCard": null,
    "imageUrl": "https://cdn.barbora.lv/products/1f3a0f3a-0696-426f-a2eb-155ea67376d5_s.png",
    "available": true,
    "discount": null
  },
  {
    "shop": "MAXIMA",
    "categories": [
      1,
      1001,
      1001009
    ],
    "productName": "Viskijs J&B RARE 40% 0,7l",
    "productPriceOld": null,
    "productPrice": {
      "value": 24.46,
      "unit": "€"
    },
    "productPricePerUnit": {
      "value": 34.94,
      "unit": "€/l"
    },
    "productPriceWithLoyaltyCard": null,
    "productPricePerUnitWithLoyaltyCard": null,
    "imageUrl": "https://cdn.barbora.lv/products/8cc67e2a-18ca-4aac-9ba6-990d2bc046a7_s.png",
    "available": true,
    "discount": null
  },
  {
    "shop": "RIMI",
    "categories": [
      1,
      1001,
      10010013
    ],
    "productName": "Liķieris Vana Tallinn 50% 0,5l",
    "productPriceOld": null,
    "productPrice": {
      "value": 17.49,
      "unit": "€/gab"
    },
    "productPricePerUnit": {
      "value": 34.98,
      "unit": "€/l"
    },
    "productPriceWithLoyaltyCard": null,
    "productPricePerUnitWithLoyaltyCard": null,
    "imageUrl": "https://rimibaltic-res.cloudinary.com/image/upload/d_ecommerce:backend-fallback.png/MAT_106123_PCE_LV",
    "available": true,
    "discount": null
  },
  {
    "shop": "RIMI",
    "categories": [
      1,
      1001,
      10010013
    ],
    "productName": "Liķieris Vana Tallinn 50% 0,5l",
    "productPriceOld": null,
    "productPrice": {
      "value": 17.49,
      "unit": "€/gab"
    },
    "productPricePerUnit": {
      "value": 34.98,
      "unit": "€/l"
    },
    "productPriceWithLoyaltyCard": null,
    "productPricePerUnitWithLoyaltyCard": null,
    "imageUrl": "https://rimibaltic-res.cloudinary.com/image/upload/d_ecommerce:backend-fallback.png/MAT_106123_PCE_LV",
    "available": true,
    "discount": null
  },
  {
    "shop": "RIMI",
    "categories": [
      1,
      1001,
      1001009
    ],
    "productName": "Viskijs Four Roses 40% 0,7l",
    "productPriceOld": null,
    "productPrice": {
      "value": 24.49,
      "unit": "€/gab"
    },
    "productPricePerUnit": {
      "value": 34.99,
      "unit": "€/l"
    },
    "productPriceWithLoyaltyCard": null,
    "productPricePerUnitWithLoyaltyCard": null,
    "imageUrl": "https://rimibaltic-res.cloudinary.com/image/upload/d_ecommerce:backend-fallback.png/MAT_120145_PCE_LV",
    "available": true,
    "discount": null
  },
  {
    "shop": "RIMI",
    "categories": [
      1,
      1001,
      1001009
    ],
    "productName": "Viskijs Tullamore Dew Honey 35%, 0,7l",
    "productPriceOld": null,
    "productPrice": {
      "value": 24.49,
      "unit": "€/gab"
    },
    "productPricePerUnit": {
      "value": 34.99,
      "unit": "€/l"
    },
    "productPriceWithLoyaltyCard": null,
    "productPricePerUnitWithLoyaltyCard": null,
    "imageUrl": "https://rimibaltic-res.cloudinary.com/image/upload/d_ecommerce:backend-fallback.png/MAT_7270698_PCE_LV",
    "available": true,
    "discount": null
  },
  {
    "shop": "RIMI",
    "categories": [
      1,
      1001,
      1001009
    ],
    "productName": "Viskijs Tullamore Dew Honey 35%, 0,7l",
    "productPriceOld": null,
    "productPrice": {
      "value": 24.49,
      "unit": "€/gab"
    },
    "productPricePerUnit": {
      "value": 34.99,
      "unit": "€/l"
    },
    "productPriceWithLoyaltyCard": null,
    "productPricePerUnitWithLoyaltyCard": null,
    "imageUrl": "https://rimibaltic-res.cloudinary.com/image/upload/d_ecommerce:backend-fallback.png/MAT_7270698_PCE_LV",
    "available": true,
    "discount": null
  },
  {
    "shop": "RIMI",
    "categories": [
      1,
      1001,
      10010011
    ],
    "productName": "Tekila Olmeca Silver 35% 0,7l",
    "productPriceOld": null,
    "productPrice": {
      "value": 24.49,
      "unit": "€/gab"
    },
    "productPricePerUnit": {
      "value": 34.99,
      "unit": "€/l"
    },
    "productPriceWithLoyaltyCard": null,
    "productPricePerUnitWithLoyaltyCard": null,
    "imageUrl": "https://rimibaltic-res.cloudinary.com/image/upload/d_ecommerce:backend-fallback.png/MAT_7264470_PCE_LV",
    "available": true,
    "discount": null
  },
  {
    "shop": "MAXIMA",
    "categories": [
      1,
      1001,
      1001008
    ],
    "productName": "Konjaks LARSEN VS 40% 0,7L",
    "productPriceOld": {
      "value": 39.31,
      "unit": "€"
    },
    "productPrice": {
      "value": 39.31,
      "unit": "€"
    },
    "productPricePerUnit": {
      "value": 56.16,
      "unit": "€/l"
    },
    "productPriceWithLoyaltyCard": {
      "value": 24.49,
      "unit": "€"
    },
    "productPricePerUnitWithLoyaltyCard": {
      "value": 34.99,
      "unit": "€/l"
    },
    "imageUrl": "https://cdn.barbora.lv/products/d5f83087-92cd-420e-80a1-dae1ed99f0dd_s.png",
    "available": true,
    "discount": 38
  },
  {
    "shop": "MAXIMA",
    "categories": [
      1,
      1001,
      1001009
    ],
    "productName": "Viskijs BUSHMILLS 40% 0,7l",
    "productPriceOld": null,
    "productPrice": {
      "value": 24.49,
      "unit": "€"
    },
    "productPricePerUnit": {
      "value": 34.99,
      "unit": "€/l"
    },
    "productPriceWithLoyaltyCard": null,
    "productPricePerUnitWithLoyaltyCard": null,
    "imageUrl": "https://cdn.barbora.lv/products/1bf88fd5-05f0-4d9f-92ea-8e6f3257ca77_s.png",
    "available": true,
    "discount": null
  },
  {
    "shop": "MAXIMA",
    "categories": [
      1,
      1001,
      1001009
    ],
    "productName": "Viskijs LAUDER'S 40% 0,35l",
    "productPriceOld": null,
    "productPrice": {
      "value": 12.26,
      "unit": "€"
    },
    "productPricePerUnit": {
      "value": 35.03,
      "unit": "€/l"
    },
    "productPriceWithLoyaltyCard": null,
    "productPricePerUnitWithLoyaltyCard": null,
    "imageUrl": "https://cdn.barbora.lv/products/3af31170-78d5-477d-93c2-50a51d165df3_s.png",
    "available": true,
    "discount": null
  },
  {
    "shop": "MAXIMA",
    "categories": [
      1,
      1001,
      1001003
    ],
    "productName": "Vīns CONO SUR Pinot Noir 14% 0,75L",
    "productPriceOld": null,
    "productPrice": {
      "value": 26.29,
      "unit": "€"
    },
    "productPricePerUnit": {
      "value": 35.05,
      "unit": "€/l"
    },
    "productPriceWithLoyaltyCard": null,
    "productPricePerUnitWithLoyaltyCard": null,
    "imageUrl": "https://cdn.barbora.lv/products/b7dbb13e-1eae-4c9a-bd02-26bc04151207_s.png",
    "available": true,
    "discount": null
  },
  {
    "shop": "MAXIMA",
    "categories": [
      1,
      1001,
      1001003
    ],
    "productName": "Vīns CONO SUR Sauvignon Blanc 13% 0,75L",
    "productPriceOld": null,
    "productPrice": {
      "value": 26.29,
      "unit": "€"
    },
    "productPricePerUnit": {
      "value": 35.05,
      "unit": "€/l"
    },
    "productPriceWithLoyaltyCard": null,
    "productPricePerUnitWithLoyaltyCard": null,
    "imageUrl": "https://cdn.barbora.lv/products/f29d3185-4a1b-4af7-aa0c-28279edabdef_s.png",
    "available": true,
    "discount": null
  },
  {
    "shop": "RIMI",
    "categories": [
      1,
      1001,
      10010016
    ],
    "productName": "Arom. degvīns Nemiroff Wild Cranb. 37,5% 0,7l",
    "productPriceOld": null,
    "productPrice": {
      "value": 24.55,
      "unit": "€/gab"
    },
    "productPricePerUnit": {
      "value": 35.07,
      "unit": "€/l"
    },
    "productPriceWithLoyaltyCard": null,
    "productPricePerUnitWithLoyaltyCard": null,
    "imageUrl": "https://rimibaltic-res.cloudinary.com/image/upload/d_ecommerce:backend-fallback.png/MAT_7259244_PCE_LV",
    "available": true,
    "discount": null
  },
  {
    "shop": "RIMI",
    "categories": [
      1,
      1001,
      10010016
    ],
    "productName": "Degvīns Nemiroff De Luxe 40% 0,7l",
    "productPriceOld": null,
    "productPrice": {
      "value": 24.55,
      "unit": "€/gab"
    },
    "productPricePerUnit": {
      "value": 35.07,
      "unit": "€/l"
    },
    "productPriceWithLoyaltyCard": null,
    "productPricePerUnitWithLoyaltyCard": null,
    "imageUrl": "https://rimibaltic-res.cloudinary.com/image/upload/d_ecommerce:backend-fallback.png/MAT_7207493_PCE_LV",
    "available": true,
    "discount": null
  },
  {
    "shop": "RIMI",
    "categories": [
      1,
      1001,
      10010016
    ],
    "productName": "Degvīns Finlandia 40% 0,5l",
    "productPriceOld": null,
    "productPrice": {
      "value": 17.59,
      "unit": "€/gab"
    },
    "productPricePerUnit": {
      "value": 35.18,
      "unit": "€/l"
    },
    "productPriceWithLoyaltyCard": null,
    "productPricePerUnitWithLoyaltyCard": null,
    "imageUrl": "https://rimibaltic-res.cloudinary.com/image/upload/d_ecommerce:backend-fallback.png/MAT_127206_PCE_LV",
    "available": true,
    "discount": null
  },
  {
    "shop": "MAXIMA",
    "categories": [
      1,
      1001,
      10010010
    ],
    "productName": "Brendijs BEEHIVE VSOP 40% 0,2L",
    "productPriceOld": null,
    "productPrice": {
      "value": 7.08,
      "unit": "€"
    },
    "productPricePerUnit": {
      "value": 35.4,
      "unit": "€/l"
    },
    "productPriceWithLoyaltyCard": null,
    "productPricePerUnitWithLoyaltyCard": null,
    "imageUrl": "https://cdn.barbora.lv/products/58ceb38d-c3f8-4b8e-9028-7458ebb87ba7_s.png",
    "available": true,
    "discount": null
  },
  {
    "shop": "RIMI",
    "categories": [
      1,
      1001,
      1001007
    ],
    "productName": "Rums Dad Joke Spiced Reserve 40% 0,7l",
    "productPriceOld": null,
    "productPrice": {
      "value": 24.79,
      "unit": "€/gab"
    },
    "productPricePerUnit": {
      "value": 35.41,
      "unit": "€/l"
    },
    "productPriceWithLoyaltyCard": null,
    "productPricePerUnitWithLoyaltyCard": null,
    "imageUrl": "https://rimibaltic-res.cloudinary.com/image/upload/d_ecommerce:backend-fallback.png/MAT_7298388_PCE_LV",
    "available": true,
    "discount": null
  },
  {
    "shop": "RIMI",
    "categories": [
      1,
      1001,
      10010013
    ],
    "productName": "Liķieris Vana Tallinn 45% 0,5l",
    "productPriceOld": null,
    "productPrice": {
      "value": 17.75,
      "unit": "€/gab"
    },
    "productPricePerUnit": {
      "value": 35.5,
      "unit": "€/l"
    },
    "productPriceWithLoyaltyCard": null,
    "productPricePerUnitWithLoyaltyCard": null,
    "imageUrl": "https://rimibaltic-res.cloudinary.com/image/upload/d_ecommerce:backend-fallback.png/MAT_101354_PCE_LV",
    "available": true,
    "discount": null
  },
  {
    "shop": "RIMI",
    "categories": [
      1,
      1001,
      1001009
    ],
    "productName": "Viskijs Jameson Crested 40% 0,7l",
    "productPriceOld": null,
    "productPrice": {
      "value": 33.49,
      "unit": "€/gab"
    },
    "productPricePerUnit": {
      "value": 47.84,
      "unit": "€/l"
    },
    "productPriceWithLoyaltyCard": {
      "value": 24.99,
      "unit": "€"
    },
    "productPricePerUnitWithLoyaltyCard": {
      "value": 35.7,
      "unit": "€/l"
    },
    "imageUrl": "https://rimibaltic-res.cloudinary.com/image/upload/d_ecommerce:backend-fallback.png/MAT_7142805_PCE_LV",
    "available": true,
    "discount": 25
  },
  {
    "shop": "RIMI",
    "categories": [
      1,
      1001,
      10010012
    ],
    "productName": "Džins Nordic Spirits Lab Gin 41% 0,5l",
    "productPriceOld": null,
    "productPrice": {
      "value": 17.85,
      "unit": "€/gab"
    },
    "productPricePerUnit": {
      "value": 35.7,
      "unit": "€/l"
    },
    "productPriceWithLoyaltyCard": null,
    "productPricePerUnitWithLoyaltyCard": null,
    "imageUrl": "https://rimibaltic-res.cloudinary.com/image/upload/d_ecommerce:backend-fallback.png/MAT_7175384_PCE_LV",
    "available": true,
    "discount": null
  },
  {
    "shop": "RIMI",
    "categories": [
      1,
      1001,
      10010010
    ],
    "productName": "Armanjaks De la Mazziere 40% 0,7l",
    "productPriceOld": null,
    "productPrice": {
      "value": 24.99,
      "unit": "€/gab"
    },
    "productPricePerUnit": {
      "value": 35.7,
      "unit": "€/l"
    },
    "productPriceWithLoyaltyCard": null,
    "productPricePerUnitWithLoyaltyCard": null,
    "imageUrl": "https://rimibaltic-res.cloudinary.com/image/upload/d_ecommerce:backend-fallback.png/MAT_458842_PCE_LV",
    "available": true,
    "discount": null
  },
  {
    "shop": "MAXIMA",
    "categories": [
      1,
      1001,
      10010012
    ],
    "productName": "Džins NORDIC SPIRITS LAB GIN 41% 0,5L",
    "productPriceOld": null,
    "productPrice": {
      "value": 17.85,
      "unit": "€"
    },
    "productPricePerUnit": {
      "value": 35.7,
      "unit": "€/l"
    },
    "productPriceWithLoyaltyCard": null,
    "productPricePerUnitWithLoyaltyCard": null,
    "imageUrl": "https://cdn.barbora.lv/products/79a05597-6dfc-4398-bac4-24627f84b566_s.png",
    "available": true,
    "discount": null
  },
  {
    "shop": "MAXIMA",
    "categories": [
      1,
      1001,
      10010010
    ],
    "productName": "Armanjaks DE LA MAZIERE 40% 0,7l",
    "productPriceOld": null,
    "productPrice": {
      "value": 24.99,
      "unit": "€"
    },
    "productPricePerUnit": {
      "value": 35.7,
      "unit": "€/l"
    },
    "productPriceWithLoyaltyCard": null,
    "productPricePerUnitWithLoyaltyCard": null,
    "imageUrl": "https://cdn.barbora.lv/products/89b5e740-f0c2-4ed6-9442-23a2f2c6488b_s.png",
    "available": true,
    "discount": null
  },
  {
    "shop": "MAXIMA",
    "categories": [
      1,
      1001,
      10010012
    ],
    "productName": "Džins CRAFTERS AROMATIC FLOWER 44,3%0,7L",
    "productPriceOld": {
      "value": 28.2,
      "unit": "€"
    },
    "productPrice": {
      "value": 24.99,
      "unit": "€"
    },
    "productPricePerUnit": {
      "value": 35.7,
      "unit": "€/l"
    },
    "productPriceWithLoyaltyCard": null,
    "productPricePerUnitWithLoyaltyCard": null,
    "imageUrl": "https://cdn.barbora.lv/products/4cdcea67-d74f-4716-a31f-7086479061ad_s.png",
    "available": true,
    "discount": 11
  },
  {
    "shop": "CITRO",
    "productName": "ALK.DZ.BACARDI CARIBBEAN SPICED 40% 0.7L",
    "productPriceOld": {
      "value": 29.99,
      "unit": "€"
    },
    "productPrice": {
      "value": 24.99,
      "unit": "€"
    },
    "productPricePerUnit": {
      "value": 35.7,
      "unit": "€/L"
    },
    "productPriceWithLoyaltyCard": null,
    "productPricePerUnitWithLoyaltyCard": null,
    "imageUrl": "https://rezekne.citro.lv/wp-content/uploads/2024/07/7610113021187-300x300.jpg",
    "available": true,
    "discount": 17,
    "categories": [
      1,
      1001,
      1001007
    ]
  },
  {
    "shop": "MAXIMA",
    "categories": [
      1,
      1001,
      10010013
    ],
    "productName": "Liķieris BECHEROVKA 38% 0,5l",
    "productPriceOld": null,
    "productPrice": {
      "value": 17.86,
      "unit": "€"
    },
    "productPricePerUnit": {
      "value": 35.72,
      "unit": "€/l"
    },
    "productPriceWithLoyaltyCard": null,
    "productPricePerUnitWithLoyaltyCard": null,
    "imageUrl": "https://cdn.barbora.lv/products/37e39913-5e9e-437a-8a1c-0ad0a788b602_s.png",
    "available": true,
    "discount": null
  },
  {
    "shop": "RIMI",
    "categories": [
      1,
      1001,
      10010012
    ],
    "productName": "Džins Beefeater 40% 1l",
    "productPriceOld": null,
    "productPrice": {
      "value": 35.95,
      "unit": "€/gab"
    },
    "productPricePerUnit": {
      "value": 35.95,
      "unit": "€/l"
    },
    "productPriceWithLoyaltyCard": null,
    "productPricePerUnitWithLoyaltyCard": null,
    "imageUrl": "https://rimibaltic-res.cloudinary.com/image/upload/d_ecommerce:backend-fallback.png/MAT_678676_PCE_LV",
    "available": true,
    "discount": null
  },
  {
    "shop": "RIMI",
    "categories": [
      1,
      1001,
      10010012
    ],
    "productName": "Džins Beefeater 40% 1l",
    "productPriceOld": null,
    "productPrice": {
      "value": 35.95,
      "unit": "€/gab"
    },
    "productPricePerUnit": {
      "value": 35.95,
      "unit": "€/l"
    },
    "productPriceWithLoyaltyCard": null,
    "productPricePerUnitWithLoyaltyCard": null,
    "imageUrl": "https://rimibaltic-res.cloudinary.com/image/upload/d_ecommerce:backend-fallback.png/MAT_678676_PCE_LV",
    "available": true,
    "discount": null
  },
  {
    "shop": "CITRO",
    "categories": [
      1,
      1001,
      10010010
    ],
    "productName": "BRENDIJS ARARAT 5* 40% 0.5L",
    "productPriceOld": null,
    "productPrice": null,
    "productPricePerUnit": {
      "value": 35.98,
      "unit": "€/L"
    },
    "productPriceWithLoyaltyCard": null,
    "productPricePerUnitWithLoyaltyCard": null,
    "imageUrl": "https://rezekne.citro.lv/wp-content/uploads/2020/12/4850001002307-1-300x300.jpg",
    "available": true,
    "discount": null
  },
  {
    "shop": "MAXIMA",
    "categories": [
      1,
      1001,
      1001009
    ],
    "productName": "Viskijs JACK DANIEL'S 40% 1L",
    "productPriceOld": null,
    "productPrice": {
      "value": 35.99,
      "unit": "€"
    },
    "productPricePerUnit": {
      "value": 35.99,
      "unit": "€/l"
    },
    "productPriceWithLoyaltyCard": null,
    "productPricePerUnitWithLoyaltyCard": null,
    "imageUrl": "https://cdn.barbora.lv/products/b0ab6adf-56f1-4522-b1f1-b55f8334d354_s.png",
    "available": true,
    "discount": null
  },
  {
    "shop": "MAXIMA",
    "categories": [
      1,
      1001,
      10010010
    ],
    "productName": "Brendijs TORRES 10 Gran Reserve 38% 1l",
    "productPriceOld": null,
    "productPrice": {
      "value": 35.99,
      "unit": "€"
    },
    "productPricePerUnit": {
      "value": 35.99,
      "unit": "€/l"
    },
    "productPriceWithLoyaltyCard": null,
    "productPricePerUnitWithLoyaltyCard": null,
    "imageUrl": "https://cdn.barbora.lv/products/2b376191-7f41-4b79-8e17-843ba4f3bc2b_s.png",
    "available": true,
    "discount": null
  },
  {
    "shop": "RIMI",
    "categories": [
      1,
      1001,
      1001003
    ],
    "productName": "Sarkanvīns Penfolds Max Shiraz 14,5% 0.75l",
    "productPriceOld": null,
    "productPrice": {
      "value": 27.15,
      "unit": "€/gab"
    },
    "productPricePerUnit": {
      "value": 36.2,
      "unit": "€/l"
    },
    "productPriceWithLoyaltyCard": null,
    "productPricePerUnitWithLoyaltyCard": null,
    "imageUrl": "https://rimibaltic-res.cloudinary.com/image/upload/d_ecommerce:backend-fallback.png/MAT_7289977_PCE_LV",
    "available": true,
    "discount": null
  },
  {
    "shop": "RIMI",
    "categories": [
      1,
      1001,
      1001003
    ],
    "productName": "S.v.Kim Crawford Marlborough Noir 12,5% 0,75l",
    "productPriceOld": null,
    "productPrice": {
      "value": 27.19,
      "unit": "€/gab"
    },
    "productPricePerUnit": {
      "value": 36.25,
      "unit": "€/l"
    },
    "productPriceWithLoyaltyCard": null,
    "productPricePerUnitWithLoyaltyCard": null,
    "imageUrl": "https://rimibaltic-res.cloudinary.com/image/upload/d_ecommerce:backend-fallback.png/MAT_7201419_PCE_LV",
    "available": true,
    "discount": null
  },
  {
    "shop": "MAXIMA",
    "categories": [
      1,
      1001,
      1001003
    ],
    "productName": "Vīns KIM CRAWFORD Pinot Noir 13,5% 0,75L",
    "productPriceOld": null,
    "productPrice": {
      "value": 27.19,
      "unit": "€"
    },
    "productPricePerUnit": {
      "value": 36.25,
      "unit": "€/l"
    },
    "productPriceWithLoyaltyCard": null,
    "productPricePerUnitWithLoyaltyCard": null,
    "imageUrl": "https://cdn.barbora.lv/products/3d256b23-16da-46c9-964e-10b5ff1279a6_s.png",
    "available": true,
    "discount": null
  },
  {
    "shop": "MAXIMA",
    "categories": [
      1,
      1001,
      1001009
    ],
    "productName": "Burbona dz.JIM BEAM RED STAG 32,5% 0,7L",
    "productPriceOld": null,
    "productPrice": {
      "value": 25.39,
      "unit": "€"
    },
    "productPricePerUnit": {
      "value": 36.27,
      "unit": "€/l"
    },
    "productPriceWithLoyaltyCard": null,
    "productPricePerUnitWithLoyaltyCard": null,
    "imageUrl": "https://cdn.barbora.lv/products/6a6cce98-efc0-4d29-bdb5-41d388c4a8ab_s.png",
    "available": true,
    "discount": null
  },
  {
    "shop": "MAXIMA",
    "categories": [
      1,
      1001,
      1001009
    ],
    "productName": "Burbona dzēriens JIM BEAM APPLE 32,5% 0,7L",
    "productPriceOld": null,
    "productPrice": {
      "value": 25.39,
      "unit": "€"
    },
    "productPricePerUnit": {
      "value": 36.27,
      "unit": "€/l"
    },
    "productPriceWithLoyaltyCard": null,
    "productPricePerUnitWithLoyaltyCard": null,
    "imageUrl": "https://cdn.barbora.lv/products/5cfe2ee3-27fc-4788-83db-05cdf28e068c_s.png",
    "available": true,
    "discount": null
  },
  {
    "shop": "MAXIMA",
    "categories": [
      1,
      1001,
      1001009
    ],
    "productName": "Burbona dzēr. JIM BEAM HONEY 32,5% 0,7L",
    "productPriceOld": null,
    "productPrice": {
      "value": 25.39,
      "unit": "€"
    },
    "productPricePerUnit": {
      "value": 36.27,
      "unit": "€/l"
    },
    "productPriceWithLoyaltyCard": null,
    "productPricePerUnitWithLoyaltyCard": null,
    "imageUrl": "https://cdn.barbora.lv/products/981eada8-8577-4596-b472-e3f6e567f2dc_s.png",
    "available": true,
    "discount": null
  },
  {
    "shop": "RIMI",
    "categories": [
      1,
      1001,
      1001007
    ],
    "productName": "Rums Planteray Double Aged Dark 40% 0,7l",
    "productPriceOld": null,
    "productPrice": {
      "value": 25.49,
      "unit": "€/gab"
    },
    "productPricePerUnit": {
      "value": 36.41,
      "unit": "€/l"
    },
    "productPriceWithLoyaltyCard": null,
    "productPricePerUnitWithLoyaltyCard": null,
    "imageUrl": "https://rimibaltic-res.cloudinary.com/image/upload/d_ecommerce:backend-fallback.png/MAT_7062667_PCE_LV",
    "available": true,
    "discount": null
  },
  {
    "shop": "RIMI",
    "categories": [
      1,
      1001,
      10010016
    ],
    "productName": "Degvīns White Birch 40% 0,7l",
    "productPriceOld": null,
    "productPrice": {
      "value": 25.49,
      "unit": "€/gab"
    },
    "productPricePerUnit": {
      "value": 36.41,
      "unit": "€/l"
    },
    "productPriceWithLoyaltyCard": null,
    "productPricePerUnitWithLoyaltyCard": null,
    "imageUrl": "https://rimibaltic-res.cloudinary.com/image/upload/d_ecommerce:backend-fallback.png/MAT_7298155_PCE_LV",
    "available": true,
    "discount": null
  },
  {
    "shop": "MAXIMA",
    "categories": [
      1,
      1001,
      1001009
    ],
    "productName": "Viskijs TENJAKU 40% 0,7L",
    "productPriceOld": {
      "value": 32.06,
      "unit": "€"
    },
    "productPrice": {
      "value": 32.06,
      "unit": "€"
    },
    "productPricePerUnit": {
      "value": 45.8,
      "unit": "€/l"
    },
    "productPriceWithLoyaltyCard": {
      "value": 25.49,
      "unit": "€"
    },
    "productPricePerUnitWithLoyaltyCard": {
      "value": 36.41,
      "unit": "€/l"
    },
    "imageUrl": "https://cdn.barbora.lv/products/221640cc-e630-4f04-924a-1c38dd3f146b_s.png",
    "available": true,
    "discount": 20
  },
  {
    "shop": "MAXIMA",
    "categories": [
      1,
      1001,
      1001007
    ],
    "productName": "Rums DEMON'S SHARE 6YO 40% 0,7L",
    "productPriceOld": {
      "value": 31.28,
      "unit": "€"
    },
    "productPrice": {
      "value": 31.28,
      "unit": "€"
    },
    "productPricePerUnit": {
      "value": 44.69,
      "unit": "€/l"
    },
    "productPriceWithLoyaltyCard": {
      "value": 25.49,
      "unit": "€"
    },
    "productPricePerUnitWithLoyaltyCard": {
      "value": 36.42,
      "unit": "€/l"
    },
    "imageUrl": "https://cdn.barbora.lv/products/5595c9a1-cf16-43ac-9e7e-973a82ebce9b_s.png",
    "available": true,
    "discount": 19
  },
  {
    "shop": "MAXIMA",
    "categories": [
      1,
      1001,
      1001007
    ],
    "productName": "Rums CAPTAIN MORGAN BLACK 40% 0,5l",
    "productPriceOld": null,
    "productPrice": {
      "value": 18.25,
      "unit": "€"
    },
    "productPricePerUnit": {
      "value": 36.5,
      "unit": "€/l"
    },
    "productPriceWithLoyaltyCard": null,
    "productPricePerUnitWithLoyaltyCard": null,
    "imageUrl": "https://cdn.barbora.lv/products/e4ca7403-c1b4-47b1-8a8e-efcfc4177ab6_s.png",
    "available": true,
    "discount": null
  },
  {
    "shop": "MAXIMA",
    "categories": [
      1,
      1001,
      1001007
    ],
    "productName": "Rums SAILOR JERRY SPICED 40% 0,7L",
    "productPriceOld": null,
    "productPrice": {
      "value": 25.56,
      "unit": "€"
    },
    "productPricePerUnit": {
      "value": 36.51,
      "unit": "€/l"
    },
    "productPriceWithLoyaltyCard": null,
    "productPricePerUnitWithLoyaltyCard": null,
    "imageUrl": "https://cdn.barbora.lv/products/5ba62505-7a25-4a03-ab63-84d62e345f54_s.png",
    "available": true,
    "discount": null
  },
  {
    "shop": "RIMI",
    "categories": [
      1,
      1001,
      1001003
    ],
    "productName": "S.v. Louis Jadot saus. 12,5% 0,75l",
    "productPriceOld": null,
    "productPrice": {
      "value": 27.39,
      "unit": "€/gab"
    },
    "productPricePerUnit": {
      "value": 36.52,
      "unit": "€/l"
    },
    "productPriceWithLoyaltyCard": null,
    "productPricePerUnitWithLoyaltyCard": null,
    "imageUrl": "https://rimibaltic-res.cloudinary.com/image/upload/d_ecommerce:backend-fallback.png/MAT_458380_PCE_LV",
    "available": true,
    "discount": null
  },
  {
    "shop": "MAXIMA",
    "categories": [
      1,
      1001,
      1001008
    ],
    "productName": "Konjaks DE LUZE VS 40% 0,7L GB",
    "productPriceOld": {
      "value": 39.78,
      "unit": "€"
    },
    "productPrice": {
      "value": 39.78,
      "unit": "€"
    },
    "productPricePerUnit": {
      "value": 56.83,
      "unit": "€/l"
    },
    "productPriceWithLoyaltyCard": {
      "value": 25.59,
      "unit": "€"
    },
    "productPricePerUnitWithLoyaltyCard": {
      "value": 36.56,
      "unit": "€/l"
    },
    "imageUrl": "https://cdn.barbora.lv/products/0f0c8fbf-6955-46da-a5f3-292fea2096b3_s.png",
    "available": true,
    "discount": 36
  },
  {
    "shop": "RIMI",
    "categories": [
      1,
      1001,
      10010016
    ],
    "productName": "Degvīns Hlibnij Kolos 40% 0,5l",
    "productPriceOld": null,
    "productPrice": {
      "value": 18.29,
      "unit": "€/gab"
    },
    "productPricePerUnit": {
      "value": 36.58,
      "unit": "€/l"
    },
    "productPriceWithLoyaltyCard": null,
    "productPricePerUnitWithLoyaltyCard": null,
    "imageUrl": "https://rimibaltic-res.cloudinary.com/image/upload/d_ecommerce:backend-fallback.png/MAT_7280082_PCE_LV",
    "available": true,
    "discount": null
  },
  {
    "shop": "MAXIMA",
    "categories": [
      1,
      1001,
      10010010
    ],
    "productName": "Brendijs ARARAT 3* 40% 0,5l",
    "productPriceOld": null,
    "productPrice": {
      "value": 18.35,
      "unit": "€"
    },
    "productPricePerUnit": {
      "value": 36.7,
      "unit": "€/l"
    },
    "productPriceWithLoyaltyCard": null,
    "productPricePerUnitWithLoyaltyCard": null,
    "imageUrl": "https://cdn.barbora.lv/products/b4722034-a6ca-4fa8-a7f3-d5428316dc08_s.png",
    "available": true,
    "discount": null
  },
  {
    "shop": "RIMI",
    "categories": [
      1,
      1001,
      10010016
    ],
    "productName": "Degv. Finlandia Cranberries Clear 37,5% 0,7l",
    "productPriceOld": null,
    "productPrice": {
      "value": 25.75,
      "unit": "€/gab"
    },
    "productPricePerUnit": {
      "value": 36.79,
      "unit": "€/l"
    },
    "productPriceWithLoyaltyCard": null,
    "productPricePerUnitWithLoyaltyCard": null,
    "imageUrl": "https://rimibaltic-res.cloudinary.com/image/upload/d_ecommerce:backend-fallback.png/MAT_689001_PCE_LV",
    "available": true,
    "discount": null
  },
  {
    "shop": "RIMI",
    "categories": [
      1,
      1001,
      1001009
    ],
    "productName": "Viskijs Ballantines Finest 40% 0,35l",
    "productPriceOld": null,
    "productPrice": {
      "value": 12.89,
      "unit": "€/gab"
    },
    "productPricePerUnit": {
      "value": 36.83,
      "unit": "€/l"
    },
    "productPriceWithLoyaltyCard": null,
    "productPricePerUnitWithLoyaltyCard": null,
    "imageUrl": "https://rimibaltic-res.cloudinary.com/image/upload/d_ecommerce:backend-fallback.png/MAT_573605_PCE_LV",
    "available": true,
    "discount": null
  },
  {
    "shop": "RIMI",
    "categories": [
      1,
      1001,
      1001009
    ],
    "productName": "Viskija liķieris Jim Beam ābolu 32,5% 0,7l",
    "productPriceOld": null,
    "productPrice": {
      "value": 25.79,
      "unit": "€/gab"
    },
    "productPricePerUnit": {
      "value": 36.84,
      "unit": "€/l"
    },
    "productPriceWithLoyaltyCard": null,
    "productPricePerUnitWithLoyaltyCard": null,
    "imageUrl": "https://rimibaltic-res.cloudinary.com/image/upload/d_ecommerce:backend-fallback.png/MAT_7116504_PCE_LV",
    "available": true,
    "discount": null
  },
  {
    "shop": "MAXIMA",
    "categories": [
      1,
      1001,
      10010013
    ],
    "productName": "Liķieris PISTACCHIO BOTTEGA 17% 0,5L",
    "productPriceOld": null,
    "productPrice": {
      "value": 18.5,
      "unit": "€"
    },
    "productPricePerUnit": {
      "value": 37,
      "unit": "€/l"
    },
    "productPriceWithLoyaltyCard": null,
    "productPricePerUnitWithLoyaltyCard": null,
    "imageUrl": "https://cdn.barbora.lv/products/40273e7a-0084-4cb7-8b73-7ef41ab564b3_s.png",
    "available": true,
    "discount": null
  },
  {
    "shop": "RIMI",
    "categories": [
      1,
      1001,
      10010019
    ],
    "productName": "Alkoholiskais dz. Bacardi Spiced 40% 0,7l",
    "productPriceOld": null,
    "productPrice": {
      "value": 35.45,
      "unit": "€/gab"
    },
    "productPricePerUnit": {
      "value": 50.64,
      "unit": "€/l"
    },
    "productPriceWithLoyaltyCard": {
      "value": 25.99,
      "unit": "€"
    },
    "productPricePerUnitWithLoyaltyCard": {
      "value": 37.13,
      "unit": "€/l"
    },
    "imageUrl": "https://rimibaltic-res.cloudinary.com/image/upload/d_ecommerce:backend-fallback.png/MAT_7296868_PCE_LV",
    "available": true,
    "discount": 27
  },
  {
    "shop": "MAXIMA",
    "categories": [
      1,
      1001,
      10010019
    ],
    "productName": "St.alk.dz.CAPTAIN MORGAN BL.SP.40% 0,7l",
    "productPriceOld": null,
    "productPrice": {
      "value": 25.99,
      "unit": "€"
    },
    "productPricePerUnit": {
      "value": 37.13,
      "unit": "€/l"
    },
    "productPriceWithLoyaltyCard": null,
    "productPricePerUnitWithLoyaltyCard": null,
    "imageUrl": "https://cdn.barbora.lv/products/a5b52919-eda4-4dd6-84c1-85253c97f777_s.png",
    "available": true,
    "discount": null
  },
  {
    "shop": "MAXIMA",
    "categories": [
      1,
      1001,
      10010010
    ],
    "productName": "Armanjaks MARQUIS DE CAUSS. VS 40% 0,7L",
    "productPriceOld": {
      "value": 41.78,
      "unit": "€"
    },
    "productPrice": {
      "value": 41.78,
      "unit": "€"
    },
    "productPricePerUnit": {
      "value": 59.69,
      "unit": "€/l"
    },
    "productPriceWithLoyaltyCard": {
      "value": 25.99,
      "unit": "€"
    },
    "productPricePerUnitWithLoyaltyCard": {
      "value": 37.13,
      "unit": "€/l"
    },
    "imageUrl": "https://cdn.barbora.lv/products/9cd9bd22-f438-4835-b127-13031e7283ae_s.png",
    "available": true,
    "discount": 38
  },
  {
    "shop": "CITRO",
    "categories": [
      1,
      1001,
      1001007
    ],
    "productName": "RUMS FLOR DE CANA 7 GRAN RESERVA 40% 0.7L",
    "productPriceOld": null,
    "productPrice": null,
    "productPricePerUnit": {
      "value": 37.13,
      "unit": "€/L"
    },
    "productPriceWithLoyaltyCard": null,
    "productPricePerUnitWithLoyaltyCard": null,
    "imageUrl": "https://rezekne.citro.lv/wp-content/uploads/2024/04/7431008105009-300x300.jpg",
    "available": true,
    "discount": null
  },
  {
    "shop": "RIMI",
    "categories": [
      1,
      1001,
      1001007
    ],
    "productName": "Rums Captain Morgan Black Label 40% 0,5l",
    "productPriceOld": null,
    "productPrice": {
      "value": 18.65,
      "unit": "€/gab"
    },
    "productPricePerUnit": {
      "value": 37.3,
      "unit": "€/l"
    },
    "productPriceWithLoyaltyCard": null,
    "productPricePerUnitWithLoyaltyCard": null,
    "imageUrl": "https://rimibaltic-res.cloudinary.com/image/upload/d_ecommerce:backend-fallback.png/MAT_690936_PCE_LV",
    "available": true,
    "discount": null
  },
  {
    "shop": "MAXIMA",
    "categories": [
      1,
      1001,
      10010012
    ],
    "productName": "Džins GORDON'S DRY PINK 37,5% 0,7L",
    "productPriceOld": null,
    "productPrice": {
      "value": 26.13,
      "unit": "€"
    },
    "productPricePerUnit": {
      "value": 37.33,
      "unit": "€/l"
    },
    "productPriceWithLoyaltyCard": null,
    "productPricePerUnitWithLoyaltyCard": null,
    "imageUrl": "https://cdn.barbora.lv/products/b5a4b906-d7b9-451f-ac16-694f3b13f013_s.png",
    "available": true,
    "discount": null
  },
  {
    "shop": "MAXIMA",
    "categories": [
      1,
      1001,
      10010012
    ],
    "productName": "Džins GORDON'S DRY 37,5% 0,7l",
    "productPriceOld": null,
    "productPrice": {
      "value": 26.13,
      "unit": "€"
    },
    "productPricePerUnit": {
      "value": 37.33,
      "unit": "€/l"
    },
    "productPriceWithLoyaltyCard": null,
    "productPricePerUnitWithLoyaltyCard": null,
    "imageUrl": "https://cdn.barbora.lv/products/aebaf891-c0bd-445d-a47b-b4cff21703ab_s.png",
    "available": true,
    "discount": null
  },
  {
    "shop": "RIMI",
    "categories": [
      1,
      1001,
      1001009
    ],
    "productName": "Viskijs Grant's Triple Wood 40% 0,5",
    "productPriceOld": null,
    "productPrice": {
      "value": 18.69,
      "unit": "€/gab"
    },
    "productPricePerUnit": {
      "value": 37.38,
      "unit": "€/l"
    },
    "productPriceWithLoyaltyCard": null,
    "productPricePerUnitWithLoyaltyCard": null,
    "imageUrl": "https://rimibaltic-res.cloudinary.com/image/upload/d_ecommerce:backend-fallback.png/MAT_678946_PCE_LV",
    "available": true,
    "discount": null
  },
  {
    "shop": "MAXIMA",
    "categories": [
      2,
      2001,
      20010015
    ],
    "productName": "Tomātu krekermaize THE BEGINNINGS 80g",
    "productPriceOld": null,
    "productPrice": {
      "value": 2.99,
      "unit": "€"
    },
    "productPricePerUnit": {
      "value": 37.38,
      "unit": "€/kg"
    },
    "productPriceWithLoyaltyCard": null,
    "productPricePerUnitWithLoyaltyCard": null,
    "imageUrl": "https://cdn.barbora.lv/products/6ba90e0b-67de-460a-80d8-abfe3b2f238b_s.png",
    "available": true,
    "discount": null
  },
  {
    "shop": "MAXIMA",
    "categories": [
      2,
      2001,
      20010015
    ],
    "productName": "Barankas SCHAR Taralli bezglutēna 120g",
    "productPriceOld": null,
    "productPrice": {
      "value": 4.49,
      "unit": "€"
    },
    "productPricePerUnit": {
      "value": 37.42,
      "unit": "€/kg"
    },
    "productPriceWithLoyaltyCard": null,
    "productPricePerUnitWithLoyaltyCard": null,
    "imageUrl": "https://cdn.barbora.lv/products/206058af-d4fd-4899-8dd0-eaaab11c5b1a_s.png",
    "available": true,
    "discount": null
  },
  {
    "shop": "RIMI",
    "categories": [
      1,
      1001,
      10010013
    ],
    "productName": "Liķieris Minttu 40% 0,5l",
    "productPriceOld": null,
    "productPrice": {
      "value": 18.79,
      "unit": "€/gab"
    },
    "productPricePerUnit": {
      "value": 37.58,
      "unit": "€/l"
    },
    "productPriceWithLoyaltyCard": null,
    "productPricePerUnitWithLoyaltyCard": null,
    "imageUrl": "https://rimibaltic-res.cloudinary.com/image/upload/d_ecommerce:backend-fallback.png/MAT_107565_PCE_LV",
    "available": true,
    "discount": null
  },
  {
    "shop": "MAXIMA",
    "categories": [
      1,
      1001,
      10010010
    ],
    "productName": "Brendijs ARARAT 5* 40% 0,7l",
    "productPriceOld": null,
    "productPrice": {
      "value": 26.38,
      "unit": "€"
    },
    "productPricePerUnit": {
      "value": 37.69,
      "unit": "€/l"
    },
    "productPriceWithLoyaltyCard": null,
    "productPricePerUnitWithLoyaltyCard": null,
    "imageUrl": "https://cdn.barbora.lv/products/3264d20e-8450-4e06-a6d0-aabede27f267_s.png",
    "available": true,
    "discount": null
  },
  {
    "shop": "RIMI",
    "categories": [
      1,
      1001,
      1001004
    ],
    "productName": "Dz.v. Ruggeri Prosecco, sausais 11.5% 0.75l",
    "productPriceOld": null,
    "productPrice": {
      "value": 28.35,
      "unit": "€/gab"
    },
    "productPricePerUnit": {
      "value": 37.8,
      "unit": "€/l"
    },
    "productPriceWithLoyaltyCard": null,
    "productPricePerUnitWithLoyaltyCard": null,
    "imageUrl": "https://rimibaltic-res.cloudinary.com/image/upload/d_ecommerce:backend-fallback.png/MAT_7277990_PCE_LV",
    "available": true,
    "discount": null
  },
  {
    "shop": "RIMI",
    "categories": [
      1,
      1001,
      1001009
    ],
    "productName": "Viskijs Tullamore Dew 40% 0,7l",
    "productPriceOld": null,
    "productPrice": {
      "value": 26.49,
      "unit": "€/gab"
    },
    "productPricePerUnit": {
      "value": 37.84,
      "unit": "€/l"
    },
    "productPriceWithLoyaltyCard": null,
    "productPricePerUnitWithLoyaltyCard": null,
    "imageUrl": "https://rimibaltic-res.cloudinary.com/image/upload/d_ecommerce:backend-fallback.png/MAT_102266_PCE_LV",
    "available": true,
    "discount": null
  },
  {
    "shop": "MAXIMA",
    "categories": [
      1,
      1001,
      1001003
    ],
    "productName": "Vīns ST.STEPHAN Tokaji Aszu 10% 0,5L",
    "productPriceOld": null,
    "productPrice": {
      "value": 18.92,
      "unit": "€"
    },
    "productPricePerUnit": {
      "value": 37.84,
      "unit": "€/l"
    },
    "productPriceWithLoyaltyCard": null,
    "productPricePerUnitWithLoyaltyCard": null,
    "imageUrl": "https://cdn.barbora.lv/products/99d1ba42-8ca2-4bba-afb6-30812ac205bd_s.png",
    "available": true,
    "discount": null
  },
  {
    "shop": "MAXIMA",
    "categories": [
      1,
      1001,
      1001009
    ],
    "productName": "Viskijs GENTLEMAN JACK 40% 0,7L",
    "productPriceOld": {
      "value": 41.31,
      "unit": "€"
    },
    "productPrice": {
      "value": 41.31,
      "unit": "€"
    },
    "productPricePerUnit": {
      "value": 59.01,
      "unit": "€/l"
    },
    "productPriceWithLoyaltyCard": {
      "value": 26.49,
      "unit": "€"
    },
    "productPricePerUnitWithLoyaltyCard": {
      "value": 37.84,
      "unit": "€/l"
    },
    "imageUrl": "https://cdn.barbora.lv/products/e0eefaa6-53e4-4261-b325-078d4855134a_s.png",
    "available": true,
    "discount": 36
  },
  {
    "shop": "MAXIMA",
    "categories": [
      1,
      1001,
      1001007
    ],
    "productName": "Rums FLOR DE CANA 12YO 40% 0,7L",
    "productPriceOld": {
      "value": 50.31,
      "unit": "€"
    },
    "productPrice": {
      "value": 50.31,
      "unit": "€"
    },
    "productPricePerUnit": {
      "value": 71.87,
      "unit": "€/l"
    },
    "productPriceWithLoyaltyCard": {
      "value": 26.49,
      "unit": "€"
    },
    "productPricePerUnitWithLoyaltyCard": {
      "value": 37.84,
      "unit": "€/l"
    },
    "imageUrl": "https://cdn.barbora.lv/products/b010d605-a00c-420e-b178-18f4f6f98947_s.png",
    "available": true,
    "discount": 47
  },
  {
    "shop": "MAXIMA",
    "categories": [
      1,
      1001,
      10010012
    ],
    "productName": "Džins ROKU GIN 6 43% 0,7L",
    "productPriceOld": {
      "value": 44.83,
      "unit": "€"
    },
    "productPrice": {
      "value": 44.83,
      "unit": "€"
    },
    "productPricePerUnit": {
      "value": 64.04,
      "unit": "€/l"
    },
    "productPriceWithLoyaltyCard": {
      "value": 26.49,
      "unit": "€"
    },
    "productPricePerUnitWithLoyaltyCard": {
      "value": 37.84,
      "unit": "€/l"
    },
    "imageUrl": "https://cdn.barbora.lv/products/8bff8776-03e7-40f7-a0a2-0c5c71a68245_s.png",
    "available": true,
    "discount": 41
  },
  {
    "shop": "MAXIMA",
    "categories": [
      1,
      1001,
      1001009
    ],
    "productName": "Viskijs TEELING SMALL BATCH 46% 0,7l",
    "productPriceOld": {
      "value": 31.35,
      "unit": "€"
    },
    "productPrice": {
      "value": 31.35,
      "unit": "€"
    },
    "productPricePerUnit": {
      "value": 44.79,
      "unit": "€/l"
    },
    "productPriceWithLoyaltyCard": {
      "value": 26.49,
      "unit": "€"
    },
    "productPricePerUnitWithLoyaltyCard": {
      "value": 37.85,
      "unit": "€/l"
    },
    "imageUrl": "https://cdn.barbora.lv/products/8754c932-8e6c-4a47-afad-a82bcf363fb5_s.png",
    "available": true,
    "discount": 16
  },
  {
    "shop": "RIMI",
    "categories": [
      1,
      1001,
      1001009
    ],
    "productName": "Viskijs Ballantines 40% 0,2l",
    "productPriceOld": null,
    "productPrice": {
      "value": 9.75,
      "unit": "€/gab"
    },
    "productPricePerUnit": {
      "value": 48.75,
      "unit": "€/l"
    },
    "productPriceWithLoyaltyCard": {
      "value": 7.59,
      "unit": "€"
    },
    "productPricePerUnitWithLoyaltyCard": {
      "value": 37.95,
      "unit": "€/l"
    },
    "imageUrl": "https://rimibaltic-res.cloudinary.com/image/upload/d_ecommerce:backend-fallback.png/MAT_7185143_PCE_LV",
    "available": true,
    "discount": 22
  },
  {
    "shop": "CITRO",
    "categories": [
      1,
      1001,
      10010010
    ],
    "productName": "BRENDIJS ARARAT 3* 40% 0.2L",
    "productPriceOld": null,
    "productPrice": null,
    "productPricePerUnit": {
      "value": 37.95,
      "unit": "€/L"
    },
    "productPriceWithLoyaltyCard": null,
    "productPricePerUnitWithLoyaltyCard": null,
    "imageUrl": "https://rezekne.citro.lv/wp-content/uploads/2023/01/4850001004585-300x300.jpg",
    "available": true,
    "discount": null
  },
  {
    "shop": "RIMI",
    "categories": [
      1,
      1001,
      10010013
    ],
    "productName": "Liķieris Sheridans 15,5% 0,5L",
    "productPriceOld": null,
    "productPrice": {
      "value": 28.45,
      "unit": "€/gab"
    },
    "productPricePerUnit": {
      "value": 56.9,
      "unit": "€/l"
    },
    "productPriceWithLoyaltyCard": {
      "value": 18.99,
      "unit": "€"
    },
    "productPricePerUnitWithLoyaltyCard": {
      "value": 37.98,
      "unit": "€/l"
    },
    "imageUrl": "https://rimibaltic-res.cloudinary.com/image/upload/d_ecommerce:backend-fallback.png/MAT_129640_PCE_LV",
    "available": true,
    "discount": 33
  },
  {
    "shop": "RIMI",
    "categories": [
      1,
      1001,
      10010013
    ],
    "productName": "Liķieris Sheridans 15,5% 0,5L",
    "productPriceOld": null,
    "productPrice": {
      "value": 28.45,
      "unit": "€/gab"
    },
    "productPricePerUnit": {
      "value": 56.9,
      "unit": "€/l"
    },
    "productPriceWithLoyaltyCard": {
      "value": 18.99,
      "unit": "€"
    },
    "productPricePerUnitWithLoyaltyCard": {
      "value": 37.98,
      "unit": "€/l"
    },
    "imageUrl": "https://rimibaltic-res.cloudinary.com/image/upload/d_ecommerce:backend-fallback.png/MAT_129640_PCE_LV",
    "available": true,
    "discount": 33
  },
  {
    "shop": "CITRO",
    "categories": [
      1,
      1001,
      10010010
    ],
    "productName": "BRENDIJS CALVADOS COQUEREL FINE 40% 0.5L",
    "productPriceOld": null,
    "productPrice": null,
    "productPricePerUnit": {
      "value": 37.98,
      "unit": "€/L"
    },
    "productPriceWithLoyaltyCard": null,
    "productPricePerUnitWithLoyaltyCard": null,
    "imageUrl": "https://rezekne.citro.lv/wp-content/uploads/2024/06/3255741010499-Calvados-Coquerel-Fine-0.5L-300x300.jpg",
    "available": true,
    "discount": null
  },
  {
    "shop": "RIMI",
    "categories": [
      1,
      1001,
      10010011
    ],
    "productName": "Tekila Sierra Reposado 38% 0,5l",
    "productPriceOld": null,
    "productPrice": {
      "value": 19.05,
      "unit": "€/gab"
    },
    "productPricePerUnit": {
      "value": 38.1,
      "unit": "€/l"
    },
    "productPriceWithLoyaltyCard": null,
    "productPricePerUnitWithLoyaltyCard": null,
    "imageUrl": "https://rimibaltic-res.cloudinary.com/image/upload/d_ecommerce:backend-fallback.png/MAT_101754_PCE_LV",
    "available": true,
    "discount": null
  },
  {
    "shop": "RIMI",
    "categories": [
      1,
      1001,
      10010011
    ],
    "productName": "Tekila Sierra Silver 38% 0,5l",
    "productPriceOld": null,
    "productPrice": {
      "value": 19.05,
      "unit": "€/gab"
    },
    "productPricePerUnit": {
      "value": 38.1,
      "unit": "€/l"
    },
    "productPriceWithLoyaltyCard": null,
    "productPricePerUnitWithLoyaltyCard": null,
    "imageUrl": "https://rimibaltic-res.cloudinary.com/image/upload/d_ecommerce:backend-fallback.png/MAT_101763_PCE_LV",
    "available": true,
    "discount": null
  },
  {
    "shop": "MAXIMA",
    "categories": [
      1,
      1001,
      1001009
    ],
    "productName": "Viskijs JAMESON 40% 1l",
    "productPriceOld": null,
    "productPrice": {
      "value": 38.44,
      "unit": "€"
    },
    "productPricePerUnit": {
      "value": 38.44,
      "unit": "€/l"
    },
    "productPriceWithLoyaltyCard": null,
    "productPricePerUnitWithLoyaltyCard": null,
    "imageUrl": "https://cdn.barbora.lv/products/c2734009-681f-4706-bd56-79209deeb8a7_s.png",
    "available": true,
    "discount": null
  },
  {
    "shop": "MAXIMA",
    "categories": [
      1,
      1001,
      10010010
    ],
    "productName": "Brendijs BARDAR Divin 5YO 40% 0,5L",
    "productPriceOld": null,
    "productPrice": {
      "value": 19.22,
      "unit": "€"
    },
    "productPricePerUnit": {
      "value": 38.44,
      "unit": "€/l"
    },
    "productPriceWithLoyaltyCard": null,
    "productPricePerUnitWithLoyaltyCard": null,
    "imageUrl": "https://cdn.barbora.lv/products/c18bceee-051b-4463-bbd4-a4ffad91736b_s.png",
    "available": true,
    "discount": null
  },
  {
    "shop": "MAXIMA",
    "categories": [
      1,
      1001,
      10010012
    ],
    "productName": "Džins PINK 47 LONDON DRY GIN 47% 0,7L",
    "productPriceOld": null,
    "productPrice": {
      "value": 26.91,
      "unit": "€"
    },
    "productPricePerUnit": {
      "value": 38.44,
      "unit": "€/l"
    },
    "productPriceWithLoyaltyCard": null,
    "productPricePerUnitWithLoyaltyCard": null,
    "imageUrl": "https://cdn.barbora.lv/products/c46a13a7-dbdf-4bac-900a-79606015d0b7_s.png",
    "available": true,
    "discount": null
  },
  {
    "shop": "RIMI",
    "categories": [
      1,
      1001,
      10010019
    ],
    "productName": "Alkoholiskais dzēriens Metaxa 5* 38% 0,2l",
    "productPriceOld": null,
    "productPrice": {
      "value": 7.69,
      "unit": "€/gab"
    },
    "productPricePerUnit": {
      "value": 38.45,
      "unit": "€/l"
    },
    "productPriceWithLoyaltyCard": null,
    "productPricePerUnitWithLoyaltyCard": null,
    "imageUrl": "https://rimibaltic-res.cloudinary.com/image/upload/d_ecommerce:backend-fallback.png/MAT_107840_PCE_LV",
    "available": true,
    "discount": null
  },
  {
    "shop": "RIMI",
    "categories": [
      1,
      1001,
      1001007
    ],
    "productName": "Rums Kraken Black Spiced 40% 0,7l",
    "productPriceOld": null,
    "productPrice": {
      "value": 37.05,
      "unit": "€/gab"
    },
    "productPricePerUnit": {
      "value": 52.93,
      "unit": "€/l"
    },
    "productPriceWithLoyaltyCard": {
      "value": 26.99,
      "unit": "€"
    },
    "productPricePerUnitWithLoyaltyCard": {
      "value": 38.56,
      "unit": "€/l"
    },
    "imageUrl": "https://rimibaltic-res.cloudinary.com/image/upload/d_ecommerce:backend-fallback.png/MAT_7221093_PCE_LV",
    "available": true,
    "discount": 27
  },
  {
    "shop": "RIMI",
    "categories": [
      1,
      1001,
      1001007
    ],
    "productName": "Rums Kraken Black Spiced 40% 0,7l",
    "productPriceOld": null,
    "productPrice": {
      "value": 37.05,
      "unit": "€/gab"
    },
    "productPricePerUnit": {
      "value": 52.93,
      "unit": "€/l"
    },
    "productPriceWithLoyaltyCard": {
      "value": 26.99,
      "unit": "€"
    },
    "productPricePerUnitWithLoyaltyCard": {
      "value": 38.56,
      "unit": "€/l"
    },
    "imageUrl": "https://rimibaltic-res.cloudinary.com/image/upload/d_ecommerce:backend-fallback.png/MAT_7221093_PCE_LV",
    "available": true,
    "discount": 27
  },
  {
    "shop": "RIMI",
    "categories": [
      1,
      1001,
      1001009
    ],
    "productName": "Viskijs Teeling Small Batch Irish 46% 0,7l",
    "productPriceOld": null,
    "productPrice": {
      "value": 32.99,
      "unit": "€/gab"
    },
    "productPricePerUnit": {
      "value": 47.13,
      "unit": "€/l"
    },
    "productPriceWithLoyaltyCard": {
      "value": 26.99,
      "unit": "€"
    },
    "productPricePerUnitWithLoyaltyCard": {
      "value": 38.56,
      "unit": "€/l"
    },
    "imageUrl": "https://rimibaltic-res.cloudinary.com/image/upload/d_ecommerce:backend-fallback.png/MAT_7113048_PCE_LV",
    "available": true,
    "discount": 18
  },
  {
    "shop": "RIMI",
    "categories": [
      1,
      1001,
      10010010
    ],
    "productName": "Brendijs Askaneli 8YO 40% 0,5l",
    "productPriceOld": null,
    "productPrice": {
      "value": 19.29,
      "unit": "€/gab"
    },
    "productPricePerUnit": {
      "value": 38.58,
      "unit": "€/l"
    },
    "productPriceWithLoyaltyCard": null,
    "productPricePerUnitWithLoyaltyCard": null,
    "imageUrl": "https://rimibaltic-res.cloudinary.com/image/upload/d_ecommerce:backend-fallback.png/MAT_7188392_PCE_LV",
    "available": true,
    "discount": null
  },
  {
    "shop": "RIMI",
    "categories": [
      1,
      1001,
      1001009
    ],
    "productName": "Viskijs Jameson Irish 40% 1l",
    "productPriceOld": null,
    "productPrice": {
      "value": 38.65,
      "unit": "€/gab"
    },
    "productPricePerUnit": {
      "value": 38.65,
      "unit": "€/l"
    },
    "productPriceWithLoyaltyCard": null,
    "productPricePerUnitWithLoyaltyCard": null,
    "imageUrl": "https://rimibaltic-res.cloudinary.com/image/upload/d_ecommerce:backend-fallback.png/MAT_101808_PCE_LV",
    "available": true,
    "discount": null
  },
  {
    "shop": "MAXIMA",
    "categories": [
      1,
      1001,
      1001009
    ],
    "productName": "Viskijs JAMESON 40% 0,7l",
    "productPriceOld": null,
    "productPrice": {
      "value": 27.08,
      "unit": "€"
    },
    "productPricePerUnit": {
      "value": 38.69,
      "unit": "€/l"
    },
    "productPriceWithLoyaltyCard": null,
    "productPricePerUnitWithLoyaltyCard": null,
    "imageUrl": "https://cdn.barbora.lv/products/14827df5-4bf2-467e-ba46-97123a999734_s.png",
    "available": true,
    "discount": null
  },
  {
    "shop": "MAXIMA",
    "categories": [
      1,
      1001,
      10010012
    ],
    "productName": "Džins BEEFEATER PINK 37,5% 0,7L",
    "productPriceOld": null,
    "productPrice": {
      "value": 27.29,
      "unit": "€"
    },
    "productPricePerUnit": {
      "value": 38.99,
      "unit": "€/l"
    },
    "productPriceWithLoyaltyCard": null,
    "productPricePerUnitWithLoyaltyCard": null,
    "imageUrl": "https://cdn.barbora.lv/products/2d7663ba-f6c2-42c5-853f-57e5b59c9e81_s.png",
    "available": true,
    "discount": null
  },
  {
    "shop": "MAXIMA",
    "categories": [
      1,
      1001,
      10010012
    ],
    "productName": "Džins BEEFEATER BLOOD ORANGE 37,5% 0,7L",
    "productPriceOld": null,
    "productPrice": {
      "value": 27.29,
      "unit": "€"
    },
    "productPricePerUnit": {
      "value": 38.99,
      "unit": "€/l"
    },
    "productPriceWithLoyaltyCard": null,
    "productPricePerUnitWithLoyaltyCard": null,
    "imageUrl": "https://cdn.barbora.lv/products/028542c1-8d0e-419b-b63e-6595bc53d885_s.png",
    "available": true,
    "discount": null
  },
  {
    "shop": "RIMI",
    "categories": [
      2,
      2005
    ],
    "productName": "Kūciņas Cielaviņa 2x25g",
    "productPriceOld": null,
    "productPrice": {
      "value": 1.95,
      "unit": "€/gab"
    },
    "productPricePerUnit": {
      "value": 39,
      "unit": "€/kg"
    },
    "productPriceWithLoyaltyCard": null,
    "productPricePerUnitWithLoyaltyCard": null,
    "imageUrl": "https://rimibaltic-res.cloudinary.com/image/upload/d_ecommerce:backend-fallback.png/MAT_953126_PCE_LV",
    "available": true,
    "discount": null
  },
  {
    "shop": "MAXIMA",
    "categories": [
      1,
      1001,
      10010010
    ],
    "productName": "Brendijs ARARAT 5* 40% 0,5L GB",
    "productPriceOld": null,
    "productPrice": {
      "value": 19.52,
      "unit": "€"
    },
    "productPricePerUnit": {
      "value": 39.04,
      "unit": "€/l"
    },
    "productPriceWithLoyaltyCard": null,
    "productPricePerUnitWithLoyaltyCard": null,
    "imageUrl": "https://cdn.barbora.lv/products/d14f2323-3806-41e4-9a6f-882539e68db3_s.png",
    "available": true,
    "discount": null
  },
  {
    "shop": "MAXIMA",
    "categories": [
      1,
      1001,
      1001009
    ],
    "productName": "Viskijs BUSHMILLS 40% 0,5l",
    "productPriceOld": null,
    "productPrice": {
      "value": 19.52,
      "unit": "€"
    },
    "productPricePerUnit": {
      "value": 39.04,
      "unit": "€/l"
    },
    "productPriceWithLoyaltyCard": null,
    "productPricePerUnitWithLoyaltyCard": null,
    "imageUrl": "https://cdn.barbora.lv/products/1abad3c3-c715-413a-a9e5-d0ecc2cf435d_s.png",
    "available": true,
    "discount": null
  },
  {
    "shop": "MAXIMA",
    "categories": [
      1,
      1001,
      10010019
    ],
    "productName": "Kalvadoss COQUEREL VSOP 40% 0,5l",
    "productPriceOld": null,
    "productPrice": {
      "value": 19.55,
      "unit": "€"
    },
    "productPricePerUnit": {
      "value": 39.1,
      "unit": "€/l"
    },
    "productPriceWithLoyaltyCard": null,
    "productPricePerUnitWithLoyaltyCard": null,
    "imageUrl": "https://cdn.barbora.lv/products/3c9b8ea8-a290-45a4-802c-78d08c638905_s.png",
    "available": true,
    "discount": null
  },
  {
    "shop": "RIMI",
    "categories": [
      1,
      1001,
      10010012
    ],
    "productName": "Džins Crafter's London Dry Gin 43% 0,7l",
    "productPriceOld": null,
    "productPrice": {
      "value": 27.45,
      "unit": "€/gab"
    },
    "productPricePerUnit": {
      "value": 39.21,
      "unit": "€/l"
    },
    "productPriceWithLoyaltyCard": null,
    "productPricePerUnitWithLoyaltyCard": null,
    "imageUrl": "https://rimibaltic-res.cloudinary.com/image/upload/d_ecommerce:backend-fallback.png/MAT_7124269_PCE_LV",
    "available": true,
    "discount": null
  },
  {
    "shop": "RIMI",
    "categories": [
      1,
      1001,
      10010012
    ],
    "productName": "Džins Bombay Sapphire 40% 0,7l",
    "productPriceOld": null,
    "productPrice": {
      "value": 27.49,
      "unit": "€/gab"
    },
    "productPricePerUnit": {
      "value": 39.27,
      "unit": "€/l"
    },
    "productPriceWithLoyaltyCard": null,
    "productPricePerUnitWithLoyaltyCard": null,
    "imageUrl": "https://rimibaltic-res.cloudinary.com/image/upload/d_ecommerce:backend-fallback.png/MAT_102078_PCE_LV",
    "available": true,
    "discount": null
  },
  {
    "shop": "RIMI",
    "categories": [
      1,
      1001,
      1001003
    ],
    "productName": "B.v. Marcel Martin Sancerre 12,5% 0,75l",
    "productPriceOld": null,
    "productPrice": {
      "value": 29.45,
      "unit": "€/gab"
    },
    "productPricePerUnit": {
      "value": 39.27,
      "unit": "€/l"
    },
    "productPriceWithLoyaltyCard": null,
    "productPricePerUnitWithLoyaltyCard": null,
    "imageUrl": "https://rimibaltic-res.cloudinary.com/image/upload/d_ecommerce:backend-fallback.png/MAT_7220759_PCE_LV",
    "available": true,
    "discount": null
  },
  {
    "shop": "MAXIMA",
    "categories": [
      1,
      1001,
      1001007
    ],
    "productName": "Rums DIPLOMATICO Mantuano 40% 0,7L GB",
    "productPriceOld": {
      "value": 33.81,
      "unit": "€"
    },
    "productPrice": {
      "value": 33.81,
      "unit": "€"
    },
    "productPricePerUnit": {
      "value": 48.3,
      "unit": "€/l"
    },
    "productPriceWithLoyaltyCard": {
      "value": 27.49,
      "unit": "€"
    },
    "productPricePerUnitWithLoyaltyCard": {
      "value": 39.27,
      "unit": "€/l"
    },
    "imageUrl": "https://cdn.barbora.lv/products/e2de6e79-0eb3-4e66-a718-137697ac31df_s.png",
    "available": true,
    "discount": 19
  },
  {
    "shop": "RIMI",
    "categories": [
      1,
      1001,
      10010012
    ],
    "productName": "Džins Gordon's Gin 37,5% 0,7l",
    "productPriceOld": null,
    "productPrice": {
      "value": 27.55,
      "unit": "€/gab"
    },
    "productPricePerUnit": {
      "value": 39.36,
      "unit": "€/l"
    },
    "productPriceWithLoyaltyCard": null,
    "productPricePerUnitWithLoyaltyCard": null,
    "imageUrl": "https://rimibaltic-res.cloudinary.com/image/upload/d_ecommerce:backend-fallback.png/MAT_102082_PCE_LV",
    "available": true,
    "discount": null
  },
  {
    "shop": "RIMI",
    "categories": [
      1,
      1001,
      10010010
    ],
    "productName": "Brendijs Ararat 5* 40% 0,5l",
    "productPriceOld": null,
    "productPrice": {
      "value": 19.69,
      "unit": "€/gab"
    },
    "productPricePerUnit": {
      "value": 39.38,
      "unit": "€/l"
    },
    "productPriceWithLoyaltyCard": null,
    "productPricePerUnitWithLoyaltyCard": null,
    "imageUrl": "https://rimibaltic-res.cloudinary.com/image/upload/d_ecommerce:backend-fallback.png/MAT_797211_PCE_LV",
    "available": true,
    "discount": null
  },
  {
    "shop": "RIMI",
    "categories": [
      1,
      1001,
      1001007
    ],
    "productName": "Rums Captain Morgan Black Spiced 40% 0,7l",
    "productPriceOld": null,
    "productPrice": {
      "value": 27.89,
      "unit": "€/gab"
    },
    "productPricePerUnit": {
      "value": 39.84,
      "unit": "€/l"
    },
    "productPriceWithLoyaltyCard": null,
    "productPricePerUnitWithLoyaltyCard": null,
    "imageUrl": "https://rimibaltic-res.cloudinary.com/image/upload/d_ecommerce:backend-fallback.png/MAT_7069874_PCE_LV",
    "available": true,
    "discount": null
  },
  {
    "shop": "MAXIMA",
    "categories": [
      2,
      2001,
      2001006
    ],
    "productName": "Īstas rupjmaizes groziņi 85g",
    "productPriceOld": null,
    "productPrice": {
      "value": 3.39,
      "unit": "€"
    },
    "productPricePerUnit": {
      "value": 39.88,
      "unit": "€/kg"
    },
    "productPriceWithLoyaltyCard": null,
    "productPricePerUnitWithLoyaltyCard": null,
    "imageUrl": "https://cdn.barbora.lv/products/7df27468-14a2-4ef7-8441-8972a5f115cf_s.png",
    "available": true,
    "discount": null
  },
  {
    "shop": "RIMI",
    "categories": [
      1,
      1001,
      10010010
    ],
    "productName": "Brendijs Ararat 5* 40% 0,2l",
    "productPriceOld": null,
    "productPrice": {
      "value": 9.29,
      "unit": "€/gab"
    },
    "productPricePerUnit": {
      "value": 46.45,
      "unit": "€/l"
    },
    "productPriceWithLoyaltyCard": {
      "value": 7.99,
      "unit": "€"
    },
    "productPricePerUnitWithLoyaltyCard": {
      "value": 39.95,
      "unit": "€/l"
    },
    "imageUrl": "https://rimibaltic-res.cloudinary.com/image/upload/d_ecommerce:backend-fallback.png/MAT_7195758_PCE_LV",
    "available": true,
    "discount": 14
  },
  {
    "shop": "RIMI",
    "categories": [
      1,
      1001,
      1001009
    ],
    "productName": "Viskijs Jameson 40% 0,2l",
    "productPriceOld": null,
    "productPrice": {
      "value": 10.95,
      "unit": "€/gab"
    },
    "productPricePerUnit": {
      "value": 54.75,
      "unit": "€/l"
    },
    "productPriceWithLoyaltyCard": {
      "value": 7.99,
      "unit": "€"
    },
    "productPricePerUnitWithLoyaltyCard": {
      "value": 39.95,
      "unit": "€/l"
    },
    "imageUrl": "https://rimibaltic-res.cloudinary.com/image/upload/d_ecommerce:backend-fallback.png/MAT_7226432_PCE_LV",
    "available": true,
    "discount": 27
  },
  {
    "shop": "RIMI",
    "categories": [
      1,
      1001,
      1001009
    ],
    "productName": "Viskijs Dubliner Irish 40% 0,7l",
    "productPriceOld": null,
    "productPrice": {
      "value": 27.99,
      "unit": "€/gab"
    },
    "productPricePerUnit": {
      "value": 39.99,
      "unit": "€/l"
    },
    "productPriceWithLoyaltyCard": null,
    "productPricePerUnitWithLoyaltyCard": null,
    "imageUrl": "https://rimibaltic-res.cloudinary.com/image/upload/d_ecommerce:backend-fallback.png/MAT_7286750_PCE_LV",
    "available": true,
    "discount": null
  },
  {
    "shop": "MAXIMA",
    "categories": [
      1,
      1001,
      1001004
    ],
    "productName": "Šampanietis MOUTARD BRUT G.V 12% 0,75L",
    "productPriceOld": null,
    "productPrice": {
      "value": 29.99,
      "unit": "€"
    },
    "productPricePerUnit": {
      "value": 39.99,
      "unit": "€/l"
    },
    "productPriceWithLoyaltyCard": null,
    "productPricePerUnitWithLoyaltyCard": null,
    "imageUrl": "https://cdn.barbora.lv/products/cef8e504-9916-4588-be31-872a4b63fbfa_s.png",
    "available": true,
    "discount": null
  },
  {
    "shop": "MAXIMA",
    "categories": [
      1,
      1001,
      10010012
    ],
    "productName": "Džins TANQUERAY 43,1% 0,7l",
    "productPriceOld": null,
    "productPrice": {
      "value": 27.99,
      "unit": "€"
    },
    "productPricePerUnit": {
      "value": 39.99,
      "unit": "€/l"
    },
    "productPriceWithLoyaltyCard": null,
    "productPricePerUnitWithLoyaltyCard": null,
    "imageUrl": "https://cdn.barbora.lv/products/17c0ca90-e6cc-475a-9b04-caf18f14537a_s.png",
    "available": true,
    "discount": null
  },
  {
    "shop": "RIMI",
    "categories": [
      1,
      1001,
      1001003
    ],
    "productName": "B.v.Louis Jadot Bourgogne Chardonn. 13% 0,75l",
    "productPriceOld": null,
    "productPrice": {
      "value": 30.05,
      "unit": "€/gab"
    },
    "productPricePerUnit": {
      "value": 40.07,
      "unit": "€/l"
    },
    "productPriceWithLoyaltyCard": null,
    "productPricePerUnitWithLoyaltyCard": null,
    "imageUrl": "https://rimibaltic-res.cloudinary.com/image/upload/d_ecommerce:backend-fallback.png/MAT_7232861_PCE_LV",
    "available": true,
    "discount": null
  },
  {
    "shop": "MAXIMA",
    "categories": [
      1,
      1001,
      10010011
    ],
    "productName": "Tekila OLMECA REPOSADO 35% 0,7L",
    "productPriceOld": null,
    "productPrice": {
      "value": 28.27,
      "unit": "€"
    },
    "productPricePerUnit": {
      "value": 40.39,
      "unit": "€/l"
    },
    "productPriceWithLoyaltyCard": null,
    "productPricePerUnitWithLoyaltyCard": null,
    "imageUrl": "https://cdn.barbora.lv/products/8aaddc72-404c-4f25-8212-5924458b5df9_s.png",
    "available": true,
    "discount": null
  },
  {
    "shop": "RIMI",
    "categories": [
      1,
      1001,
      10010019
    ],
    "productName": "Aperitīvs Campari Bitter 25% 1l",
    "productPriceOld": null,
    "productPrice": {
      "value": 40.69,
      "unit": "€/gab"
    },
    "productPricePerUnit": {
      "value": 40.69,
      "unit": "€/l"
    },
    "productPriceWithLoyaltyCard": null,
    "productPricePerUnitWithLoyaltyCard": null,
    "imageUrl": "https://rimibaltic-res.cloudinary.com/image/upload/d_ecommerce:backend-fallback.png/MAT_102195_PCE_LV",
    "available": true,
    "discount": null
  },
  {
    "shop": "RIMI",
    "categories": [
      1,
      1001,
      10010012
    ],
    "productName": "Džins Gordon's Pink 37,5% 0,7l",
    "productPriceOld": null,
    "productPrice": {
      "value": 28.49,
      "unit": "€/gab"
    },
    "productPricePerUnit": {
      "value": 40.7,
      "unit": "€/l"
    },
    "productPriceWithLoyaltyCard": null,
    "productPricePerUnitWithLoyaltyCard": null,
    "imageUrl": "https://rimibaltic-res.cloudinary.com/image/upload/d_ecommerce:backend-fallback.png/MAT_7187062_PCE_LV",
    "available": true,
    "discount": null
  },
  {
    "shop": "RIMI",
    "categories": [
      1,
      1001,
      1001007
    ],
    "productName": "Rums Dead Man's Fingers Passionfr. 37,5% 0,7l",
    "productPriceOld": null,
    "productPrice": {
      "value": 28.49,
      "unit": "€/gab"
    },
    "productPricePerUnit": {
      "value": 40.7,
      "unit": "€/l"
    },
    "productPriceWithLoyaltyCard": null,
    "productPricePerUnitWithLoyaltyCard": null,
    "imageUrl": "https://rimibaltic-res.cloudinary.com/image/upload/d_ecommerce:backend-fallback.png/MAT_7286605_PCE_LV",
    "available": true,
    "discount": null
  },
  {
    "shop": "RIMI",
    "categories": [
      1,
      1001,
      1001007
    ],
    "productName": "Rums Dead Man's Fingers Passionfr. 37,5% 0,7l",
    "productPriceOld": null,
    "productPrice": {
      "value": 28.49,
      "unit": "€/gab"
    },
    "productPricePerUnit": {
      "value": 40.7,
      "unit": "€/l"
    },
    "productPriceWithLoyaltyCard": null,
    "productPricePerUnitWithLoyaltyCard": null,
    "imageUrl": "https://rimibaltic-res.cloudinary.com/image/upload/d_ecommerce:backend-fallback.png/MAT_7286605_PCE_LV",
    "available": true,
    "discount": null
  },
  {
    "shop": "RIMI",
    "categories": [
      1,
      1001,
      10010013
    ],
    "productName": "Liķieris Cointreau 40% 0,5l",
    "productPriceOld": null,
    "productPrice": {
      "value": 20.35,
      "unit": "€/gab"
    },
    "productPricePerUnit": {
      "value": 40.7,
      "unit": "€/l"
    },
    "productPriceWithLoyaltyCard": null,
    "productPricePerUnitWithLoyaltyCard": null,
    "imageUrl": "https://rimibaltic-res.cloudinary.com/image/upload/d_ecommerce:backend-fallback.png/MAT_102062_PCE_LV",
    "available": true,
    "discount": null
  },
  {
    "shop": "RIMI",
    "categories": [
      1,
      1001,
      10010011
    ],
    "productName": "Tekila Olmeca Reposado 35% 0,7l",
    "productPriceOld": null,
    "productPrice": {
      "value": 28.49,
      "unit": "€/gab"
    },
    "productPricePerUnit": {
      "value": 40.7,
      "unit": "€/l"
    },
    "productPriceWithLoyaltyCard": null,
    "productPricePerUnitWithLoyaltyCard": null,
    "imageUrl": "https://rimibaltic-res.cloudinary.com/image/upload/d_ecommerce:backend-fallback.png/MAT_7247143_PCE_LV",
    "available": true,
    "discount": null
  },
  {
    "shop": "RIMI",
    "categories": [
      1,
      1001,
      10010011
    ],
    "productName": "Tekila Olmeca Reposado 35% 0,7l",
    "productPriceOld": null,
    "productPrice": {
      "value": 28.49,
      "unit": "€/gab"
    },
    "productPricePerUnit": {
      "value": 40.7,
      "unit": "€/l"
    },
    "productPriceWithLoyaltyCard": null,
    "productPricePerUnitWithLoyaltyCard": null,
    "imageUrl": "https://rimibaltic-res.cloudinary.com/image/upload/d_ecommerce:backend-fallback.png/MAT_7247143_PCE_LV",
    "available": true,
    "discount": null
  },
  {
    "shop": "RIMI",
    "categories": [
      1,
      1001,
      1001007
    ],
    "productName": "Rums Matusalem Solero 7YO 40% 0,7l",
    "productPriceOld": null,
    "productPrice": {
      "value": 28.49,
      "unit": "€/gab"
    },
    "productPricePerUnit": {
      "value": 40.7,
      "unit": "€/l"
    },
    "productPriceWithLoyaltyCard": null,
    "productPricePerUnitWithLoyaltyCard": null,
    "imageUrl": "https://rimibaltic-res.cloudinary.com/image/upload/d_ecommerce:backend-fallback.png/MAT_7158998_PCE_LV",
    "available": true,
    "discount": null
  },
  {
    "shop": "MAXIMA",
    "categories": [
      1,
      1001,
      1001007
    ],
    "productName": "Rums PLANTATION GRANDE RESERVA 40% 0,7L",
    "productPriceOld": null,
    "productPrice": {
      "value": 28.49,
      "unit": "€"
    },
    "productPricePerUnit": {
      "value": 40.7,
      "unit": "€/l"
    },
    "productPriceWithLoyaltyCard": null,
    "productPricePerUnitWithLoyaltyCard": null,
    "imageUrl": "https://cdn.barbora.lv/products/19e066ab-9f92-4ae4-97c1-ee8657c9b3cb_s.png",
    "available": true,
    "discount": null
  },
  {
    "shop": "RIMI",
    "categories": [
      1,
      1001,
      10010010
    ],
    "productName": "Brendijs Calvados Coquerel VS 40% 0,5l",
    "productPriceOld": null,
    "productPrice": {
      "value": 20.39,
      "unit": "€/gab"
    },
    "productPricePerUnit": {
      "value": 40.78,
      "unit": "€/l"
    },
    "productPriceWithLoyaltyCard": null,
    "productPricePerUnitWithLoyaltyCard": null,
    "imageUrl": "https://rimibaltic-res.cloudinary.com/image/upload/d_ecommerce:backend-fallback.png/MAT_102005_PCE_LV",
    "available": true,
    "discount": null
  },
  {
    "shop": "MAXIMA",
    "categories": [
      1,
      1001,
      10010012
    ],
    "productName": "Džins GORDON'S MEDITER.ORANGE 37,5% 0,7L",
    "productPriceOld": null,
    "productPrice": {
      "value": 28.55,
      "unit": "€"
    },
    "productPricePerUnit": {
      "value": 40.79,
      "unit": "€/l"
    },
    "productPriceWithLoyaltyCard": null,
    "productPricePerUnitWithLoyaltyCard": null,
    "imageUrl": "https://cdn.barbora.lv/products/31a6d6ad-c363-4ac1-b43b-4d3d19fbebdb_s.png",
    "available": true,
    "discount": null
  },
  {
    "shop": "RIMI",
    "categories": [
      1,
      1001,
      1001003
    ],
    "productName": "S.v. Primitivo Di Manduria 14,5% 0,75l",
    "productPriceOld": null,
    "productPrice": {
      "value": 43.95,
      "unit": "€/gab"
    },
    "productPricePerUnit": {
      "value": 58.6,
      "unit": "€/l"
    },
    "productPriceWithLoyaltyCard": {
      "value": 30.99,
      "unit": "€"
    },
    "productPricePerUnitWithLoyaltyCard": {
      "value": 41.32,
      "unit": "€/l"
    },
    "imageUrl": "https://rimibaltic-res.cloudinary.com/image/upload/d_ecommerce:backend-fallback.png/MAT_7021814_PCE_LV",
    "available": true,
    "discount": 29
  },
  {
    "shop": "RIMI",
    "categories": [
      1,
      1001,
      10010019
    ],
    "productName": "Stiprs alkohol. dzēriens Metaxa 7* 40% 0,7l",
    "productPriceOld": null,
    "productPrice": {
      "value": 28.99,
      "unit": "€/gab"
    },
    "productPricePerUnit": {
      "value": 41.41,
      "unit": "€/l"
    },
    "productPriceWithLoyaltyCard": null,
    "productPricePerUnitWithLoyaltyCard": null,
    "imageUrl": "https://rimibaltic-res.cloudinary.com/image/upload/d_ecommerce:backend-fallback.png/MAT_712706_PCE_LV",
    "available": true,
    "discount": null
  },
  {
    "shop": "RIMI",
    "categories": [
      1,
      1001,
      10010019
    ],
    "productName": "Stiprs alkohol. dzēriens Metaxa 7* 40% 0,7l",
    "productPriceOld": null,
    "productPrice": {
      "value": 28.99,
      "unit": "€/gab"
    },
    "productPricePerUnit": {
      "value": 41.41,
      "unit": "€/l"
    },
    "productPriceWithLoyaltyCard": null,
    "productPricePerUnitWithLoyaltyCard": null,
    "imageUrl": "https://rimibaltic-res.cloudinary.com/image/upload/d_ecommerce:backend-fallback.png/MAT_712706_PCE_LV",
    "available": true,
    "discount": null
  },
  {
    "shop": "RIMI",
    "categories": [
      1,
      1001,
      1001009
    ],
    "productName": "Viskijs J.Walker Black Label 40% 0,7l",
    "productPriceOld": null,
    "productPrice": {
      "value": 49.59,
      "unit": "€/gab"
    },
    "productPricePerUnit": {
      "value": 70.84,
      "unit": "€/l"
    },
    "productPriceWithLoyaltyCard": {
      "value": 28.99,
      "unit": "€"
    },
    "productPricePerUnitWithLoyaltyCard": {
      "value": 41.41,
      "unit": "€/l"
    },
    "imageUrl": "https://rimibaltic-res.cloudinary.com/image/upload/d_ecommerce:backend-fallback.png/MAT_102172_PCE_LV",
    "available": true,
    "discount": 42
  },
  {
    "shop": "RIMI",
    "categories": [
      1,
      1001,
      1001007
    ],
    "productName": "Rums Diplomatico Planas Blanco 47% 0,7l",
    "productPriceOld": null,
    "productPrice": {
      "value": 32.99,
      "unit": "€/gab"
    },
    "productPricePerUnit": {
      "value": 47.13,
      "unit": "€/l"
    },
    "productPriceWithLoyaltyCard": {
      "value": 28.99,
      "unit": "€"
    },
    "productPricePerUnitWithLoyaltyCard": {
      "value": 41.41,
      "unit": "€/l"
    },
    "imageUrl": "https://rimibaltic-res.cloudinary.com/image/upload/d_ecommerce:backend-fallback.png/MAT_7286654_PCE_LV",
    "available": true,
    "discount": 12
  },
  {
    "shop": "MAXIMA",
    "categories": [
      1,
      1001,
      10010019
    ],
    "productName": "Stiprais alkoholiskais dzēriens METAXA 7* 40% 0,7l",
    "productPriceOld": null,
    "productPrice": {
      "value": 28.99,
      "unit": "€"
    },
    "productPricePerUnit": {
      "value": 41.41,
      "unit": "€/l"
    },
    "productPriceWithLoyaltyCard": null,
    "productPricePerUnitWithLoyaltyCard": null,
    "imageUrl": "https://cdn.barbora.lv/products/5dfb2ea1-ae5d-45fa-a71e-bfcca499d1da_s.png",
    "available": true,
    "discount": null
  },
  {
    "shop": "MAXIMA",
    "categories": [
      1,
      1001,
      1001009
    ],
    "productName": "Viskijs BUSHMILLS BLACK BUSH 7YO 40%0,7l",
    "productPriceOld": null,
    "productPrice": {
      "value": 28.99,
      "unit": "€"
    },
    "productPricePerUnit": {
      "value": 41.41,
      "unit": "€/l"
    },
    "productPriceWithLoyaltyCard": null,
    "productPricePerUnitWithLoyaltyCard": null,
    "imageUrl": "https://cdn.barbora.lv/products/76f753a7-4a5d-4775-8093-7cc53ca86324_s.png",
    "available": true,
    "discount": null
  },
  {
    "shop": "RIMI",
    "categories": [
      1,
      1001,
      1001003
    ],
    "productName": "S.v. Matua Legends Pinot Noir 12% 0,75l",
    "productPriceOld": null,
    "productPrice": {
      "value": 31.19,
      "unit": "€/gab"
    },
    "productPricePerUnit": {
      "value": 41.59,
      "unit": "€/l"
    },
    "productPriceWithLoyaltyCard": null,
    "productPricePerUnitWithLoyaltyCard": null,
    "imageUrl": "https://rimibaltic-res.cloudinary.com/image/upload/d_ecommerce:backend-fallback.png/MAT_7289876_PCE_LV",
    "available": true,
    "discount": null
  },
  {
    "shop": "MAXIMA",
    "categories": [
      1,
      1001,
      10010011
    ],
    "productName": "Tekila JOSE CUERVO Silver 35% 0,7L",
    "productPriceOld": null,
    "productPrice": {
      "value": 29.23,
      "unit": "€"
    },
    "productPricePerUnit": {
      "value": 41.76,
      "unit": "€/l"
    },
    "productPriceWithLoyaltyCard": null,
    "productPricePerUnitWithLoyaltyCard": null,
    "imageUrl": "https://cdn.barbora.lv/products/909323cf-b262-4556-a3bb-57fd73e2d728_s.png",
    "available": true,
    "discount": null
  },
  {
    "shop": "MAXIMA",
    "categories": [
      1,
      1001,
      10010011
    ],
    "productName": "Tekila JOSE CUERVO Reposado LE 35% 0,7L",
    "productPriceOld": null,
    "productPrice": {
      "value": 29.23,
      "unit": "€"
    },
    "productPricePerUnit": {
      "value": 41.76,
      "unit": "€/l"
    },
    "productPriceWithLoyaltyCard": null,
    "productPricePerUnitWithLoyaltyCard": null,
    "imageUrl": "https://cdn.barbora.lv/products/93993d6e-0bb0-4bb6-b4b2-6dd3ed59d0e0_s.png",
    "available": true,
    "discount": null
  },
  {
    "shop": "MAXIMA",
    "categories": [
      1,
      1001,
      1001008
    ],
    "productName": "Konjaks COURVOISIER VS 40% 0,5L",
    "productPriceOld": {
      "value": 38.22,
      "unit": "€"
    },
    "productPrice": {
      "value": 38.22,
      "unit": "€"
    },
    "productPricePerUnit": {
      "value": 76.44,
      "unit": "€/l"
    },
    "productPriceWithLoyaltyCard": {
      "value": 20.99,
      "unit": "€"
    },
    "productPricePerUnitWithLoyaltyCard": {
      "value": 41.98,
      "unit": "€/l"
    },
    "imageUrl": "https://cdn.barbora.lv/products/fc0a6c3b-c9d3-4ddd-aaf3-83b48f885915_s.png",
    "available": true,
    "discount": 45
  },
  {
    "shop": "RIMI",
    "categories": [
      1,
      1001,
      1001009
    ],
    "productName": "Viskijs Jack Daniels 40% 0,7l",
    "productPriceOld": null,
    "productPrice": {
      "value": 29.45,
      "unit": "€/gab"
    },
    "productPricePerUnit": {
      "value": 42.07,
      "unit": "€/l"
    },
    "productPriceWithLoyaltyCard": null,
    "productPricePerUnitWithLoyaltyCard": null,
    "imageUrl": "https://rimibaltic-res.cloudinary.com/image/upload/d_ecommerce:backend-fallback.png/MAT_678968_PCE_LV",
    "available": true,
    "discount": null
  },
  {
    "shop": "RIMI",
    "categories": [
      1,
      1001,
      1001009
    ],
    "productName": "Viskijs Jack Daniels Tennessee Apple 35% 0,7l",
    "productPriceOld": null,
    "productPrice": {
      "value": 29.95,
      "unit": "€/gab"
    },
    "productPricePerUnit": {
      "value": 42.79,
      "unit": "€/l"
    },
    "productPriceWithLoyaltyCard": null,
    "productPricePerUnitWithLoyaltyCard": null,
    "imageUrl": "https://rimibaltic-res.cloudinary.com/image/upload/d_ecommerce:backend-fallback.png/MAT_7235407_PCE_LV",
    "available": true,
    "discount": null
  },
  {
    "shop": "RIMI",
    "categories": [
      1,
      1001,
      1001009
    ],
    "productName": "Viskijs Jack Daniels Tennessee Apple 35% 0,7l",
    "productPriceOld": null,
    "productPrice": {
      "value": 29.95,
      "unit": "€/gab"
    },
    "productPricePerUnit": {
      "value": 42.79,
      "unit": "€/l"
    },
    "productPriceWithLoyaltyCard": null,
    "productPricePerUnitWithLoyaltyCard": null,
    "imageUrl": "https://rimibaltic-res.cloudinary.com/image/upload/d_ecommerce:backend-fallback.png/MAT_7235407_PCE_LV",
    "available": true,
    "discount": null
  },
  {
    "shop": "RIMI",
    "categories": [
      1,
      1001,
      1001009
    ],
    "productName": "Viskijs Chivas Regal 12 YO 40% 0,7l",
    "productPriceOld": null,
    "productPrice": {
      "value": 41.15,
      "unit": "€/gab"
    },
    "productPricePerUnit": {
      "value": 58.79,
      "unit": "€/l"
    },
    "productPriceWithLoyaltyCard": {
      "value": 29.99,
      "unit": "€"
    },
    "productPricePerUnitWithLoyaltyCard": {
      "value": 42.84,
      "unit": "€/l"
    },
    "imageUrl": "https://rimibaltic-res.cloudinary.com/image/upload/d_ecommerce:backend-fallback.png/MAT_106094_PCE_LV",
    "available": true,
    "discount": 27
  },
  {
    "shop": "RIMI",
    "categories": [
      1,
      1001,
      1001009
    ],
    "productName": "Viskijs Monkey Shoulder blended malt 40% 0,7L",
    "productPriceOld": null,
    "productPrice": {
      "value": 41.49,
      "unit": "€/gab"
    },
    "productPricePerUnit": {
      "value": 59.27,
      "unit": "€/l"
    },
    "productPriceWithLoyaltyCard": {
      "value": 29.99,
      "unit": "€"
    },
    "productPricePerUnitWithLoyaltyCard": {
      "value": 42.84,
      "unit": "€/l"
    },
    "imageUrl": "https://rimibaltic-res.cloudinary.com/image/upload/d_ecommerce:backend-fallback.png/MAT_7112406_PCE_LV",
    "available": true,
    "discount": 28
  },
  {
    "shop": "RIMI",
    "categories": [
      1,
      1001,
      1001007
    ],
    "productName": "Rums Matusalem GR Rese 15YO 40% 0,7l",
    "productPriceOld": null,
    "productPrice": {
      "value": 42.65,
      "unit": "€/gab"
    },
    "productPricePerUnit": {
      "value": 60.93,
      "unit": "€/l"
    },
    "productPriceWithLoyaltyCard": {
      "value": 29.99,
      "unit": "€"
    },
    "productPricePerUnitWithLoyaltyCard": {
      "value": 42.84,
      "unit": "€/l"
    },
    "imageUrl": "https://rimibaltic-res.cloudinary.com/image/upload/d_ecommerce:backend-fallback.png/MAT_457915_PCE_LV",
    "available": true,
    "discount": 30
  },
  {
    "shop": "RIMI",
    "categories": [
      1,
      1001,
      10010012
    ],
    "productName": "Džins Malfy Rosa 41% 0,7l",
    "productPriceOld": null,
    "productPrice": {
      "value": 29.99,
      "unit": "€/gab"
    },
    "productPricePerUnit": {
      "value": 42.84,
      "unit": "€/l"
    },
    "productPriceWithLoyaltyCard": null,
    "productPricePerUnitWithLoyaltyCard": null,
    "imageUrl": "https://rimibaltic-res.cloudinary.com/image/upload/d_ecommerce:backend-fallback.png/MAT_7240257_PCE_LV",
    "available": true,
    "discount": null
  },
  {
    "shop": "CITRO",
    "categories": [
      1,
      1001,
      1001009
    ],
    "productName": "VIKSIJS PROPER NO. TWELVE IRISH 40% 0.7L",
    "productPriceOld": null,
    "productPrice": null,
    "productPricePerUnit": {
      "value": 42.84,
      "unit": "€/L"
    },
    "productPriceWithLoyaltyCard": null,
    "productPricePerUnitWithLoyaltyCard": null,
    "imageUrl": "https://rezekne.citro.lv/wp-content/uploads/2025/01/811538019576-300x300.jpg",
    "available": true,
    "discount": null
  },
  {
    "shop": "RIMI",
    "categories": [
      1,
      1001,
      1001003
    ],
    "productName": "S.v. Ricossa Barolo DOCG 13,5% 0,75l",
    "productPriceOld": null,
    "productPrice": {
      "value": 32.19,
      "unit": "€/gab"
    },
    "productPricePerUnit": {
      "value": 42.92,
      "unit": "€/l"
    },
    "productPriceWithLoyaltyCard": null,
    "productPricePerUnitWithLoyaltyCard": null,
    "imageUrl": "https://rimibaltic-res.cloudinary.com/image/upload/d_ecommerce:backend-fallback.png/MAT_7217409_PCE_LV",
    "available": true,
    "discount": null
  },
  {
    "shop": "MAXIMA",
    "categories": [
      1,
      1001,
      1001009
    ],
    "productName": "Viskijs BUSHMILLS RUM FINISH 40% 0,7L",
    "productPriceOld": null,
    "productPrice": {
      "value": 30.36,
      "unit": "€"
    },
    "productPricePerUnit": {
      "value": 43.37,
      "unit": "€/l"
    },
    "productPriceWithLoyaltyCard": null,
    "productPricePerUnitWithLoyaltyCard": null,
    "imageUrl": "https://cdn.barbora.lv/products/30ba9532-5fdb-4118-a634-5f0d38bc14e4_s.png",
    "available": true,
    "discount": null
  },
  {
    "shop": "MAXIMA",
    "categories": [
      1,
      1001,
      10010013
    ],
    "productName": "Liķieris SHERIDANS PERFEKT 15,5% 0,7l",
    "productPriceOld": null,
    "productPrice": {
      "value": 30.37,
      "unit": "€"
    },
    "productPricePerUnit": {
      "value": 43.39,
      "unit": "€/l"
    },
    "productPriceWithLoyaltyCard": null,
    "productPricePerUnitWithLoyaltyCard": null,
    "imageUrl": "https://cdn.barbora.lv/products/5b79b716-34bd-4c06-a170-75c3fd44a880_s.png",
    "available": true,
    "discount": null
  },
  {
    "shop": "RIMI",
    "categories": [
      1,
      1001,
      1001009
    ],
    "productName": "Viskijs JACK DANIEL'S Honey, 35%, 0,7l",
    "productPriceOld": null,
    "productPrice": {
      "value": 30.45,
      "unit": "€/gab"
    },
    "productPricePerUnit": {
      "value": 43.5,
      "unit": "€/l"
    },
    "productPriceWithLoyaltyCard": null,
    "productPricePerUnitWithLoyaltyCard": null,
    "imageUrl": "https://rimibaltic-res.cloudinary.com/image/upload/d_ecommerce:backend-fallback.png/MAT_7065356_PCE_LV",
    "available": true,
    "discount": null
  },
  {
    "shop": "MAXIMA",
    "categories": [
      1,
      1001,
      1001008
    ],
    "productName": "Konjaks LARSEN VSOP 40% 0,7L",
    "productPriceOld": {
      "value": 49.27,
      "unit": "€"
    },
    "productPrice": {
      "value": 49.27,
      "unit": "€"
    },
    "productPricePerUnit": {
      "value": 70.39,
      "unit": "€/l"
    },
    "productPriceWithLoyaltyCard": {
      "value": 30.49,
      "unit": "€"
    },
    "productPricePerUnitWithLoyaltyCard": {
      "value": 43.56,
      "unit": "€/l"
    },
    "imageUrl": "https://cdn.barbora.lv/products/9c566351-7e66-4ac2-9156-5610741878ed_s.png",
    "available": true,
    "discount": 38
  },
  {
    "shop": "MAXIMA",
    "categories": [
      1,
      1001,
      1001009
    ],
    "productName": "Viskijs CONNEMARA IRISH SM PT 40% 0,7L",
    "productPriceOld": {
      "value": 46.81,
      "unit": "€"
    },
    "productPrice": {
      "value": 46.81,
      "unit": "€"
    },
    "productPricePerUnit": {
      "value": 66.87,
      "unit": "€/l"
    },
    "productPriceWithLoyaltyCard": {
      "value": 30.49,
      "unit": "€"
    },
    "productPricePerUnitWithLoyaltyCard": {
      "value": 43.56,
      "unit": "€/l"
    },
    "imageUrl": "https://cdn.barbora.lv/products/7d7ac8ae-5386-4335-8216-ce7fa91fb75e_s.png",
    "available": true,
    "discount": 35
  },
  {
    "shop": "MAXIMA",
    "categories": [
      1,
      1001,
      10010012
    ],
    "productName": "Džins UKIYO Japanese Blossom 40% 0,7L",
    "productPriceOld": {
      "value": 60.78,
      "unit": "€"
    },
    "productPrice": {
      "value": 60.78,
      "unit": "€"
    },
    "productPricePerUnit": {
      "value": 86.83,
      "unit": "€/l"
    },
    "productPriceWithLoyaltyCard": {
      "value": 30.49,
      "unit": "€"
    },
    "productPricePerUnitWithLoyaltyCard": {
      "value": 43.56,
      "unit": "€/l"
    },
    "imageUrl": "https://cdn.barbora.lv/products/acf535b9-acde-4857-88f3-7f6291558ac7_s.png",
    "available": true,
    "discount": 50
  },
  {
    "shop": "MAXIMA",
    "categories": [
      1,
      1001,
      10010019
    ],
    "productName": "St.alk.dzēriens CAMPARI BITTER 25% 0,7L",
    "productPriceOld": null,
    "productPrice": {
      "value": 30.49,
      "unit": "€"
    },
    "productPricePerUnit": {
      "value": 43.56,
      "unit": "€/l"
    },
    "productPriceWithLoyaltyCard": null,
    "productPricePerUnitWithLoyaltyCard": null,
    "imageUrl": "https://cdn.barbora.lv/products/20b2ee54-4061-4826-a4e8-f8348b422137_s.png",
    "available": true,
    "discount": null
  },
  {
    "shop": "MAXIMA",
    "categories": [
      1,
      1001,
      10010012
    ],
    "productName": "Džins UKIYO Yuzu Citrus 40% 0,7L",
    "productPriceOld": {
      "value": 60.78,
      "unit": "€"
    },
    "productPrice": {
      "value": 60.78,
      "unit": "€"
    },
    "productPricePerUnit": {
      "value": 86.83,
      "unit": "€/l"
    },
    "productPriceWithLoyaltyCard": {
      "value": 30.49,
      "unit": "€"
    },
    "productPricePerUnitWithLoyaltyCard": {
      "value": 43.56,
      "unit": "€/l"
    },
    "imageUrl": "https://cdn.barbora.lv/products/c2cb0760-810a-4695-bc50-8dffb559bb14_s.png",
    "available": true,
    "discount": 50
  },
  {
    "shop": "MAXIMA",
    "categories": [
      1,
      1001,
      1001009
    ],
    "productName": "Viskijs HATOZAKI JAPANESE BLENDED 40% 0,7L",
    "productPriceOld": {
      "value": 54.76,
      "unit": "€"
    },
    "productPrice": {
      "value": 54.76,
      "unit": "€"
    },
    "productPricePerUnit": {
      "value": 78.23,
      "unit": "€/l"
    },
    "productPriceWithLoyaltyCard": {
      "value": 30.49,
      "unit": "€"
    },
    "productPricePerUnitWithLoyaltyCard": {
      "value": 43.56,
      "unit": "€/l"
    },
    "imageUrl": "https://cdn.barbora.lv/products/294d20bc-93e5-481e-959d-37f03caca22d_s.png",
    "available": true,
    "discount": 44
  },
  {
    "shop": "RIMI",
    "categories": [
      1,
      1001,
      1001003
    ],
    "productName": "B.v. Chablis Ier Cru 13% 0,75l",
    "productPriceOld": null,
    "productPrice": {
      "value": 32.69,
      "unit": "€/gab"
    },
    "productPricePerUnit": {
      "value": 43.59,
      "unit": "€/l"
    },
    "productPriceWithLoyaltyCard": null,
    "productPricePerUnitWithLoyaltyCard": null,
    "imageUrl": "https://rimibaltic-res.cloudinary.com/image/upload/d_ecommerce:backend-fallback.png/MAT_460203_PCE_LV",
    "available": true,
    "discount": null
  },
  {
    "shop": "MAXIMA",
    "categories": [
      1,
      1001,
      1001008
    ],
    "productName": "Konjaks DE LUZE VSOP karbā 40% 0,7L",
    "productPriceOld": {
      "value": 45.78,
      "unit": "€"
    },
    "productPrice": {
      "value": 45.78,
      "unit": "€"
    },
    "productPricePerUnit": {
      "value": 65.4,
      "unit": "€/l"
    },
    "productPriceWithLoyaltyCard": {
      "value": 30.59,
      "unit": "€"
    },
    "productPricePerUnitWithLoyaltyCard": {
      "value": 43.7,
      "unit": "€/l"
    },
    "imageUrl": "https://cdn.barbora.lv/products/fa90d554-4705-48c6-8816-265654300208_s.png",
    "available": true,
    "discount": 33
  },
  {
    "shop": "MAXIMA",
    "categories": [
      1,
      1001,
      10010010
    ],
    "productName": "Brendijs FERNANDO DE CASTILLA 36% 0,7l",
    "productPriceOld": null,
    "productPrice": {
      "value": 30.61,
      "unit": "€"
    },
    "productPricePerUnit": {
      "value": 43.73,
      "unit": "€/l"
    },
    "productPriceWithLoyaltyCard": null,
    "productPricePerUnitWithLoyaltyCard": null,
    "imageUrl": "https://cdn.barbora.lv/products/9c8e0ad7-efdd-4671-af2d-3e8989749d91_s.png",
    "available": true,
    "discount": null
  },
  {
    "shop": "RIMI",
    "categories": [
      1,
      1001,
      10010010
    ],
    "productName": "Brendijs Ararat 3YO 40% 0,2l",
    "productPriceOld": null,
    "productPrice": {
      "value": 8.75,
      "unit": "€/gab"
    },
    "productPricePerUnit": {
      "value": 43.75,
      "unit": "€/l"
    },
    "productPriceWithLoyaltyCard": null,
    "productPricePerUnitWithLoyaltyCard": null,
    "imageUrl": "https://rimibaltic-res.cloudinary.com/image/upload/d_ecommerce:backend-fallback.png/MAT_7263728_PCE_LV",
    "available": true,
    "discount": null
  },
  {
    "shop": "RIMI",
    "categories": [
      1,
      1001,
      10010012
    ],
    "productName": "Džins Cross Keys 41% 0,7l",
    "productPriceOld": null,
    "productPrice": {
      "value": 30.69,
      "unit": "€/gab"
    },
    "productPricePerUnit": {
      "value": 43.84,
      "unit": "€/l"
    },
    "productPriceWithLoyaltyCard": null,
    "productPricePerUnitWithLoyaltyCard": null,
    "imageUrl": "https://rimibaltic-res.cloudinary.com/image/upload/d_ecommerce:backend-fallback.png/MAT_7191920_PCE_LV",
    "available": true,
    "discount": null
  },
  {
    "shop": "RIMI",
    "categories": [
      1,
      1001,
      1001008
    ],
    "productName": "Konjaks Hennessy VS 40% 0,5l",
    "productPriceOld": null,
    "productPrice": {
      "value": 34.89,
      "unit": "€/gab"
    },
    "productPricePerUnit": {
      "value": 69.78,
      "unit": "€/l"
    },
    "productPriceWithLoyaltyCard": {
      "value": 21.99,
      "unit": "€"
    },
    "productPricePerUnitWithLoyaltyCard": {
      "value": 43.98,
      "unit": "€/l"
    },
    "imageUrl": "https://rimibaltic-res.cloudinary.com/image/upload/d_ecommerce:backend-fallback.png/MAT_133216_PCE_LV",
    "available": true,
    "discount": 37
  },
  {
    "shop": "RIMI",
    "categories": [
      1,
      1001,
      1001004
    ],
    "productName": "Šamp. Mumm Cordon Rouge Brut 12% 0,75l",
    "productPriceOld": null,
    "productPrice": {
      "value": 56.19,
      "unit": "€/gab"
    },
    "productPricePerUnit": {
      "value": 74.92,
      "unit": "€/l"
    },
    "productPriceWithLoyaltyCard": {
      "value": 32.99,
      "unit": "€"
    },
    "productPricePerUnitWithLoyaltyCard": {
      "value": 43.99,
      "unit": "€/l"
    },
    "imageUrl": "https://rimibaltic-res.cloudinary.com/image/upload/d_ecommerce:backend-fallback.png/MAT_103782_PCE_LV",
    "available": true,
    "discount": 41
  },
  {
    "shop": "MAXIMA",
    "categories": [
      1,
      1001,
      1001009
    ],
    "productName": "Viskijs JAMESON CASKMATES 40% 0,7L",
    "productPriceOld": null,
    "productPrice": {
      "value": 30.85,
      "unit": "€"
    },
    "productPricePerUnit": {
      "value": 44.07,
      "unit": "€/l"
    },
    "productPriceWithLoyaltyCard": null,
    "productPricePerUnitWithLoyaltyCard": null,
    "imageUrl": "https://cdn.barbora.lv/products/c498784c-1057-481b-85c4-3e0137b21b37_s.png",
    "available": true,
    "discount": null
  },
  {
    "shop": "RIMI",
    "categories": [
      1,
      1001,
      10010010
    ],
    "productName": "Brendijs Armjanskij Brendi 5 gadi 42% 0,5l",
    "productPriceOld": null,
    "productPrice": {
      "value": 22.09,
      "unit": "€/gab"
    },
    "productPricePerUnit": {
      "value": 44.18,
      "unit": "€/l"
    },
    "productPriceWithLoyaltyCard": null,
    "productPricePerUnitWithLoyaltyCard": null,
    "imageUrl": "https://rimibaltic-res.cloudinary.com/image/upload/d_ecommerce:backend-fallback.png/MAT_7094880_PCE_LV",
    "available": true,
    "discount": null
  },
  {
    "shop": "MAXIMA",
    "categories": [
      1,
      1001,
      10010010
    ],
    "productName": "Brendijs ARMJANSKIJ BRENDI 5* 42% 0,5L",
    "productPriceOld": null,
    "productPrice": {
      "value": 22.09,
      "unit": "€"
    },
    "productPricePerUnit": {
      "value": 44.18,
      "unit": "€/l"
    },
    "productPriceWithLoyaltyCard": null,
    "productPricePerUnitWithLoyaltyCard": null,
    "imageUrl": "https://cdn.barbora.lv/products/96cfffed-7dc6-4e08-a76e-6ef29ac8e364_s.png",
    "available": true,
    "discount": null
  },
  {
    "shop": "RIMI",
    "categories": [
      1,
      1001,
      1001008
    ],
    "productName": "Konjaks Courvoisier VS 40% 0,7l",
    "productPriceOld": null,
    "productPrice": {
      "value": 52.99,
      "unit": "€/gab"
    },
    "productPricePerUnit": {
      "value": 75.7,
      "unit": "€/l"
    },
    "productPriceWithLoyaltyCard": {
      "value": 30.99,
      "unit": "€"
    },
    "productPricePerUnitWithLoyaltyCard": {
      "value": 44.27,
      "unit": "€/l"
    },
    "imageUrl": "https://rimibaltic-res.cloudinary.com/image/upload/d_ecommerce:backend-fallback.png/MAT_7265388_PCE_LV",
    "available": true,
    "discount": 42
  },
  {
    "shop": "RIMI",
    "categories": [
      1,
      1001,
      1001007
    ],
    "productName": "Rums Bumbu Rum 40% 0,7l",
    "productPriceOld": null,
    "productPrice": {
      "value": 37.39,
      "unit": "€/gab"
    },
    "productPricePerUnit": {
      "value": 53.41,
      "unit": "€/l"
    },
    "productPriceWithLoyaltyCard": {
      "value": 30.99,
      "unit": "€"
    },
    "productPricePerUnitWithLoyaltyCard": {
      "value": 44.27,
      "unit": "€/l"
    },
    "imageUrl": "https://rimibaltic-res.cloudinary.com/image/upload/d_ecommerce:backend-fallback.png/MAT_7235989_PCE_LV",
    "available": true,
    "discount": 17
  },
  {
    "shop": "MAXIMA",
    "categories": [
      1,
      1001,
      1001009
    ],
    "productName": "Viskijs DEANSTON Virgin Oak 46,3% 0,7L",
    "productPriceOld": {
      "value": 40.89,
      "unit": "€"
    },
    "productPrice": {
      "value": 40.89,
      "unit": "€"
    },
    "productPricePerUnit": {
      "value": 58.41,
      "unit": "€/l"
    },
    "productPriceWithLoyaltyCard": {
      "value": 30.99,
      "unit": "€"
    },
    "productPricePerUnitWithLoyaltyCard": {
      "value": 44.27,
      "unit": "€/l"
    },
    "imageUrl": "https://cdn.barbora.lv/products/c9421b6a-7c8e-4320-86c9-928fd14d5872_s.png",
    "available": true,
    "discount": 24
  },
  {
    "shop": "MAXIMA",
    "categories": [
      1,
      1001,
      10010010
    ],
    "productName": "Brendijs TORRES 15 40% 0,7l",
    "productPriceOld": null,
    "productPrice": {
      "value": 30.99,
      "unit": "€"
    },
    "productPricePerUnit": {
      "value": 44.27,
      "unit": "€/l"
    },
    "productPriceWithLoyaltyCard": null,
    "productPricePerUnitWithLoyaltyCard": null,
    "imageUrl": "https://cdn.barbora.lv/products/adbdfa2c-f08e-45c8-a0ce-08380c013191_s.png",
    "available": true,
    "discount": null
  },
  {
    "shop": "MAXIMA",
    "categories": [
      1,
      1001,
      10010013
    ],
    "productName": "Liķieris BAILEY'S IRISH CREAM 17% 0,5l",
    "productPriceOld": null,
    "productPrice": {
      "value": 22.19,
      "unit": "€"
    },
    "productPricePerUnit": {
      "value": 44.38,
      "unit": "€/l"
    },
    "productPriceWithLoyaltyCard": null,
    "productPricePerUnitWithLoyaltyCard": null,
    "imageUrl": "https://cdn.barbora.lv/products/bb64e6d5-fbe6-4809-bc6a-2adbaf04bf8f_s.png",
    "available": true,
    "discount": null
  },
  {
    "shop": "MAXIMA",
    "categories": [
      1,
      1001,
      1001009
    ],
    "productName": "Viskijs LOCH LOMOND ORIGINAL SM 40% 0,7L",
    "productPriceOld": null,
    "productPrice": {
      "value": 31.08,
      "unit": "€"
    },
    "productPricePerUnit": {
      "value": 44.4,
      "unit": "€/l"
    },
    "productPriceWithLoyaltyCard": null,
    "productPricePerUnitWithLoyaltyCard": null,
    "imageUrl": "https://cdn.barbora.lv/products/301a9155-298f-49c9-a1d8-654f0af3a693_s.png",
    "available": true,
    "discount": null
  },
  {
    "shop": "RIMI",
    "categories": [
      1,
      1001,
      1001004
    ],
    "productName": "Šampan. Moutard Grande Cuvée Brut 12% 0.75l",
    "productPriceOld": null,
    "productPrice": {
      "value": 33.35,
      "unit": "€/gab"
    },
    "productPricePerUnit": {
      "value": 44.47,
      "unit": "€/l"
    },
    "productPriceWithLoyaltyCard": null,
    "productPricePerUnitWithLoyaltyCard": null,
    "imageUrl": "https://rimibaltic-res.cloudinary.com/image/upload/d_ecommerce:backend-fallback.png/MAT_7195334_PCE_LV",
    "available": true,
    "discount": null
  },
  {
    "shop": "RIMI",
    "categories": [
      1,
      1001,
      1001007
    ],
    "productName": "Rums Angostura Tamboo Spiced Rum 40% 0,7l",
    "productPriceOld": null,
    "productPrice": {
      "value": 31.49,
      "unit": "€/gab"
    },
    "productPricePerUnit": {
      "value": 44.99,
      "unit": "€/l"
    },
    "productPriceWithLoyaltyCard": null,
    "productPricePerUnitWithLoyaltyCard": null,
    "imageUrl": "https://rimibaltic-res.cloudinary.com/image/upload/d_ecommerce:backend-fallback.png/MAT_7300891_PCE_LV",
    "available": true,
    "discount": null
  },
  {
    "shop": "RIMI",
    "categories": [
      1,
      1001,
      1001007
    ],
    "productName": "Rums Flor De Cana 7 Gran Reserva 40% 0,7l",
    "productPriceOld": null,
    "productPrice": {
      "value": 31.49,
      "unit": "€/gab"
    },
    "productPricePerUnit": {
      "value": 44.99,
      "unit": "€/l"
    },
    "productPriceWithLoyaltyCard": null,
    "productPricePerUnitWithLoyaltyCard": null,
    "imageUrl": "https://rimibaltic-res.cloudinary.com/image/upload/d_ecommerce:backend-fallback.png/MAT_7284449_PCE_LV",
    "available": true,
    "discount": null
  },
  {
    "shop": "RIMI",
    "categories": [
      1,
      1001,
      1001007
    ],
    "productName": "Rums Flor De Cana 7 Gran Reserva 40% 0,7l",
    "productPriceOld": null,
    "productPrice": {
      "value": 31.49,
      "unit": "€/gab"
    },
    "productPricePerUnit": {
      "value": 44.99,
      "unit": "€/l"
    },
    "productPriceWithLoyaltyCard": null,
    "productPricePerUnitWithLoyaltyCard": null,
    "imageUrl": "https://rimibaltic-res.cloudinary.com/image/upload/d_ecommerce:backend-fallback.png/MAT_7284449_PCE_LV",
    "available": true,
    "discount": null
  },
  {
    "shop": "RIMI",
    "categories": [
      1,
      1001,
      1001007
    ],
    "productName": "Rums Flor De Cana 7 Gran Reserva 40% 0,7l",
    "productPriceOld": null,
    "productPrice": {
      "value": 31.49,
      "unit": "€/gab"
    },
    "productPricePerUnit": {
      "value": 44.99,
      "unit": "€/l"
    },
    "productPriceWithLoyaltyCard": null,
    "productPricePerUnitWithLoyaltyCard": null,
    "imageUrl": "https://rimibaltic-res.cloudinary.com/image/upload/d_ecommerce:backend-fallback.png/MAT_7284449_PCE_LV",
    "available": true,
    "discount": null
  },
  {
    "shop": "RIMI",
    "categories": [
      1,
      1001,
      10010012
    ],
    "productName": "Džins Bombay Sapphire Sunset 43% 0,7L",
    "productPriceOld": null,
    "productPrice": {
      "value": 31.55,
      "unit": "€/gab"
    },
    "productPricePerUnit": {
      "value": 45.07,
      "unit": "€/l"
    },
    "productPriceWithLoyaltyCard": null,
    "productPricePerUnitWithLoyaltyCard": null,
    "imageUrl": "https://rimibaltic-res.cloudinary.com/image/upload/d_ecommerce:backend-fallback.png/MAT_7270655_PCE_LV",
    "available": true,
    "discount": null
  },
  {
    "shop": "RIMI",
    "categories": [
      1,
      1001,
      10010019
    ],
    "productName": "Stip.v. Lustau Pedro Ximenez San 17% 0,375l",
    "productPriceOld": null,
    "productPrice": {
      "value": 16.95,
      "unit": "€/gab"
    },
    "productPricePerUnit": {
      "value": 45.2,
      "unit": "€/l"
    },
    "productPriceWithLoyaltyCard": null,
    "productPricePerUnitWithLoyaltyCard": null,
    "imageUrl": "https://rimibaltic-res.cloudinary.com/image/upload/d_ecommerce:backend-fallback.png/MAT_7156746_PCE_LV",
    "available": true,
    "discount": null
  },
  {
    "shop": "RIMI",
    "categories": [
      1,
      1001,
      10010019
    ],
    "productName": "Stip.v. Lustau Pedro Ximenez San 17% 0,375l",
    "productPriceOld": null,
    "productPrice": {
      "value": 16.95,
      "unit": "€/gab"
    },
    "productPricePerUnit": {
      "value": 45.2,
      "unit": "€/l"
    },
    "productPriceWithLoyaltyCard": null,
    "productPricePerUnitWithLoyaltyCard": null,
    "imageUrl": "https://rimibaltic-res.cloudinary.com/image/upload/d_ecommerce:backend-fallback.png/MAT_7156746_PCE_LV",
    "available": true,
    "discount": null
  },
  {
    "shop": "RIMI",
    "categories": [
      1,
      1001,
      1001009
    ],
    "productName": "Viskijs Aerstone Land Cask 10yo 40% 0,7l",
    "productPriceOld": null,
    "productPrice": {
      "value": 31.89,
      "unit": "€/gab"
    },
    "productPricePerUnit": {
      "value": 45.56,
      "unit": "€/l"
    },
    "productPriceWithLoyaltyCard": null,
    "productPricePerUnitWithLoyaltyCard": null,
    "imageUrl": "https://rimibaltic-res.cloudinary.com/image/upload/d_ecommerce:backend-fallback.png/MAT_7246046_PCE_LV",
    "available": true,
    "discount": null
  },
  {
    "shop": "RIMI",
    "categories": [
      1,
      1001,
      1001009
    ],
    "productName": "Viskijs Aerstone Sea Cask 10yo 40% 0,7l",
    "productPriceOld": null,
    "productPrice": {
      "value": 31.89,
      "unit": "€/gab"
    },
    "productPricePerUnit": {
      "value": 45.56,
      "unit": "€/l"
    },
    "productPriceWithLoyaltyCard": null,
    "productPricePerUnitWithLoyaltyCard": null,
    "imageUrl": "https://rimibaltic-res.cloudinary.com/image/upload/d_ecommerce:backend-fallback.png/MAT_7246052_PCE_LV",
    "available": true,
    "discount": null
  },
  {
    "shop": "MAXIMA",
    "categories": [
      1,
      1001,
      1001009
    ],
    "productName": "Viskijs AERSTONE Land C.SM 10YO 40%0,7L",
    "productPriceOld": null,
    "productPrice": {
      "value": 31.89,
      "unit": "€"
    },
    "productPricePerUnit": {
      "value": 45.56,
      "unit": "€/l"
    },
    "productPriceWithLoyaltyCard": null,
    "productPricePerUnitWithLoyaltyCard": null,
    "imageUrl": "https://cdn.barbora.lv/products/cbdfc980-91f9-4aed-9c67-f0128e29bc34_s.png",
    "available": true,
    "discount": null
  },
  {
    "shop": "MAXIMA",
    "categories": [
      1,
      1001,
      1001009
    ],
    "productName": "Viskijs AERSTONE Sea C.SM 10YO 40% 0,7L",
    "productPriceOld": null,
    "productPrice": {
      "value": 31.89,
      "unit": "€"
    },
    "productPricePerUnit": {
      "value": 45.56,
      "unit": "€/l"
    },
    "productPriceWithLoyaltyCard": null,
    "productPricePerUnitWithLoyaltyCard": null,
    "imageUrl": "https://cdn.barbora.lv/products/802932a6-a9c3-40f8-b5db-84e24d1da768_s.png",
    "available": true,
    "discount": null
  },
  {
    "shop": "RIMI",
    "categories": [
      1,
      1001,
      1001009
    ],
    "productName": "Viskijs Jim Beam White 40% 0,5l",
    "productPriceOld": null,
    "productPrice": {
      "value": 22.79,
      "unit": "€/gab"
    },
    "productPricePerUnit": {
      "value": 45.58,
      "unit": "€/l"
    },
    "productPriceWithLoyaltyCard": null,
    "productPricePerUnitWithLoyaltyCard": null,
    "imageUrl": "https://rimibaltic-res.cloudinary.com/image/upload/d_ecommerce:backend-fallback.png/MAT_7053744_PCE_LV",
    "available": true,
    "discount": null
  },
  {
    "shop": "MAXIMA",
    "categories": [
      1,
      1001,
      10010012
    ],
    "productName": "Džins HENDRICKS 41,4% 0,7l",
    "productPriceOld": {
      "value": 40.3,
      "unit": "€"
    },
    "productPrice": {
      "value": 40.3,
      "unit": "€"
    },
    "productPricePerUnit": {
      "value": 57.57,
      "unit": "€/l"
    },
    "productPriceWithLoyaltyCard": {
      "value": 31.99,
      "unit": "€"
    },
    "productPricePerUnitWithLoyaltyCard": {
      "value": 45.7,
      "unit": "€/l"
    },
    "imageUrl": "https://cdn.barbora.lv/products/bf2f807a-af99-42c9-a8c9-a4f3b748abc7_s.png",
    "available": true,
    "discount": 21
  },
  {
    "shop": "MAXIMA",
    "categories": [
      1,
      1001,
      1001009
    ],
    "productName": "Viskijs NIKKA Days 40% 0,7L GB",
    "productPriceOld": {
      "value": 48.78,
      "unit": "€"
    },
    "productPrice": {
      "value": 48.78,
      "unit": "€"
    },
    "productPricePerUnit": {
      "value": 69.69,
      "unit": "€/l"
    },
    "productPriceWithLoyaltyCard": {
      "value": 31.99,
      "unit": "€"
    },
    "productPricePerUnitWithLoyaltyCard": {
      "value": 45.7,
      "unit": "€/l"
    },
    "imageUrl": "https://cdn.barbora.lv/products/181ee6bd-f888-48f8-82e5-703d282ca382_s.png",
    "available": true,
    "discount": 34
  },
  {
    "shop": "MAXIMA",
    "categories": [
      1,
      1001,
      10010011
    ],
    "productName": "Tekila ROOSTER ROJO BLANCO 38% 0,7L",
    "productPriceOld": null,
    "productPrice": {
      "value": 31.99,
      "unit": "€"
    },
    "productPricePerUnit": {
      "value": 45.7,
      "unit": "€/l"
    },
    "productPriceWithLoyaltyCard": null,
    "productPricePerUnitWithLoyaltyCard": null,
    "imageUrl": "https://cdn.barbora.lv/products/927d55ce-2b0f-4175-8d74-2e2593a3aaeb_s.png",
    "available": true,
    "discount": null
  },
  {
    "shop": "CITRO",
    "categories": [
      1,
      1001,
      1001009
    ],
    "productName": "VISKIJS TĒRVETES MIEŽU IESALS 40% 0.7L",
    "productPriceOld": null,
    "productPrice": null,
    "productPricePerUnit": {
      "value": 45.7,
      "unit": "€/L"
    },
    "productPriceWithLoyaltyCard": null,
    "productPricePerUnitWithLoyaltyCard": null,
    "imageUrl": "https://rezekne.citro.lv/wp-content/uploads/2025/01/4750440001261-300x300.jpg",
    "available": true,
    "discount": null
  },
  {
    "shop": "CITRO",
    "categories": [
      1,
      1001,
      10010010
    ],
    "productName": "BRENDIJS ARARAT CHERRY 30% 0.5L KASTĒ",
    "productPriceOld": null,
    "productPrice": null,
    "productPricePerUnit": {
      "value": 45.98,
      "unit": "€/L"
    },
    "productPriceWithLoyaltyCard": null,
    "productPricePerUnitWithLoyaltyCard": null,
    "imageUrl": "https://rezekne.citro.lv/wp-content/uploads/2023/04/4850001007654-300x300.jpg",
    "available": true,
    "discount": null
  },
  {
    "shop": "MAXIMA",
    "categories": [
      1,
      1001,
      1001009
    ],
    "productName": "Viskijs JACK DANIEL'S 40% 0,5l",
    "productPriceOld": null,
    "productPrice": {
      "value": 23.09,
      "unit": "€"
    },
    "productPricePerUnit": {
      "value": 46.18,
      "unit": "€/l"
    },
    "productPriceWithLoyaltyCard": null,
    "productPricePerUnitWithLoyaltyCard": null,
    "imageUrl": "https://cdn.barbora.lv/products/d475c440-c10d-47e3-a6c8-1d953714f621_s.png",
    "available": true,
    "discount": null
  },
  {
    "shop": "RIMI",
    "categories": [
      1,
      1001,
      10010013
    ],
    "productName": "Liķieris Baileys Orig. Irish cream 17% 0.5l",
    "productPriceOld": null,
    "productPrice": {
      "value": 23.19,
      "unit": "€/gab"
    },
    "productPricePerUnit": {
      "value": 46.38,
      "unit": "€/l"
    },
    "productPriceWithLoyaltyCard": null,
    "productPricePerUnitWithLoyaltyCard": null,
    "imageUrl": "https://rimibaltic-res.cloudinary.com/image/upload/d_ecommerce:backend-fallback.png/MAT_688623_PCE_LV",
    "available": true,
    "discount": null
  },
  {
    "shop": "MAXIMA",
    "categories": [
      1,
      1001,
      10010010
    ],
    "productName": "Brendijs ARARAT 5* 40% 0,2L",
    "productPriceOld": null,
    "productPrice": {
      "value": 9.29,
      "unit": "€"
    },
    "productPricePerUnit": {
      "value": 46.45,
      "unit": "€/l"
    },
    "productPriceWithLoyaltyCard": null,
    "productPricePerUnitWithLoyaltyCard": null,
    "imageUrl": "https://cdn.barbora.lv/products/9df96746-0a0e-400c-b4cc-c8fe619543e7_s.png",
    "available": true,
    "discount": null
  },
  {
    "shop": "MAXIMA",
    "categories": [
      1,
      1001,
      1001009
    ],
    "productName": "Viskijs JAMESON 40% 0,35l",
    "productPriceOld": null,
    "productPrice": {
      "value": 16.28,
      "unit": "€"
    },
    "productPricePerUnit": {
      "value": 46.51,
      "unit": "€/l"
    },
    "productPriceWithLoyaltyCard": null,
    "productPricePerUnitWithLoyaltyCard": null,
    "imageUrl": "https://cdn.barbora.lv/products/726fa259-6579-42b6-8136-d412ebe03152_s.png",
    "available": true,
    "discount": null
  },
  {
    "shop": "MAXIMA",
    "categories": [
      1,
      1001,
      1001007
    ],
    "productName": "Rums BACARDI ANEJO 4YO 40% 0,7L",
    "productPriceOld": null,
    "productPrice": {
      "value": 32.74,
      "unit": "€"
    },
    "productPricePerUnit": {
      "value": 46.77,
      "unit": "€/l"
    },
    "productPriceWithLoyaltyCard": null,
    "productPricePerUnitWithLoyaltyCard": null,
    "imageUrl": "https://cdn.barbora.lv/products/9371af2a-f1bb-4e9f-b3d0-6b599f435ece_s.png",
    "available": true,
    "discount": null
  },
  {
    "shop": "MAXIMA",
    "categories": [
      1,
      1001,
      10010019
    ],
    "productName": "Kalvadoss MICHEL 40% 0,7L",
    "productPriceOld": null,
    "productPrice": {
      "value": 32.88,
      "unit": "€"
    },
    "productPricePerUnit": {
      "value": 46.97,
      "unit": "€/l"
    },
    "productPriceWithLoyaltyCard": null,
    "productPricePerUnitWithLoyaltyCard": null,
    "imageUrl": "https://cdn.barbora.lv/products/ff8d777d-2a4e-4cb6-9470-d06f623de735_s.png",
    "available": true,
    "discount": null
  },
  {
    "shop": "MAXIMA",
    "categories": [
      1,
      1001,
      1001009
    ],
    "productName": "Viskijs BUSHMILLS 10YO 40% 0,7l GB",
    "productPriceOld": null,
    "productPrice": {
      "value": 32.95,
      "unit": "€"
    },
    "productPricePerUnit": {
      "value": 47.07,
      "unit": "€/l"
    },
    "productPriceWithLoyaltyCard": null,
    "productPricePerUnitWithLoyaltyCard": null,
    "imageUrl": "https://cdn.barbora.lv/products/82c6537a-a83a-4766-9ac2-f1f8e94d9665_s.png",
    "available": true,
    "discount": null
  },
  {
    "shop": "RIMI",
    "categories": [
      1,
      1001,
      1001008
    ],
    "productName": "Konjaks Meukow VS 40% 0,7l dāvanu kastē",
    "productPriceOld": null,
    "productPrice": {
      "value": 47.15,
      "unit": "€/gab"
    },
    "productPricePerUnit": {
      "value": 67.36,
      "unit": "€/l"
    },
    "productPriceWithLoyaltyCard": {
      "value": 32.99,
      "unit": "€"
    },
    "productPricePerUnitWithLoyaltyCard": {
      "value": 47.13,
      "unit": "€/l"
    },
    "imageUrl": "https://rimibaltic-res.cloudinary.com/image/upload/d_ecommerce:backend-fallback.png/MAT_123535_PCE_LV",
    "available": true,
    "discount": 30
  },
  {
    "shop": "MAXIMA",
    "categories": [
      1,
      1001,
      1001009
    ],
    "productName": "Viskijs ARRAN SM BARREL RESERVE 43% 0,7L",
    "productPriceOld": {
      "value": 39.53,
      "unit": "€"
    },
    "productPrice": {
      "value": 32.99,
      "unit": "€"
    },
    "productPricePerUnit": {
      "value": 47.13,
      "unit": "€/l"
    },
    "productPriceWithLoyaltyCard": null,
    "productPricePerUnitWithLoyaltyCard": null,
    "imageUrl": "https://cdn.barbora.lv/products/7105311d-5048-4673-b927-e71f6fdc7c91_s.png",
    "available": true,
    "discount": 17
  },
  {
    "shop": "RIMI",
    "categories": [
      1,
      1001,
      10010014
    ],
    "productName": "Rīgas Melnais Balzams 45% 0.04l",
    "productPriceOld": null,
    "productPrice": {
      "value": 2.09,
      "unit": "€/gab"
    },
    "productPricePerUnit": {
      "value": 52.25,
      "unit": "€/l"
    },
    "productPriceWithLoyaltyCard": {
      "value": 1.89,
      "unit": "€"
    },
    "productPricePerUnitWithLoyaltyCard": {
      "value": 47.25,
      "unit": "€/l"
    },
    "imageUrl": "https://rimibaltic-res.cloudinary.com/image/upload/d_ecommerce:backend-fallback.png/MAT_467016_PCE_LV",
    "available": true,
    "discount": 10
  },
  {
    "shop": "MAXIMA",
    "categories": [
      1,
      1001,
      1001009
    ],
    "productName": "Viskijs JAMESON CASKMATES IPA 40% 0,7L",
    "productPriceOld": null,
    "productPrice": {
      "value": 33.15,
      "unit": "€"
    },
    "productPricePerUnit": {
      "value": 47.36,
      "unit": "€/l"
    },
    "productPriceWithLoyaltyCard": null,
    "productPricePerUnitWithLoyaltyCard": null,
    "imageUrl": "https://cdn.barbora.lv/products/a23d686d-afef-46af-b40e-29b3e03bc1a1_s.png",
    "available": true,
    "discount": null
  },
  {
    "shop": "MAXIMA",
    "categories": [
      1,
      1001,
      1001008
    ],
    "productName": "Konjaks AMELIE LASDOUX XO AOC 40% 0,7L",
    "productPriceOld": null,
    "productPrice": {
      "value": 33.18,
      "unit": "€"
    },
    "productPricePerUnit": {
      "value": 47.4,
      "unit": "€/l"
    },
    "productPriceWithLoyaltyCard": null,
    "productPricePerUnitWithLoyaltyCard": null,
    "imageUrl": "https://cdn.barbora.lv/products/94244c4f-873d-49b7-b420-7adab06ad9bb_s.png",
    "available": true,
    "discount": null
  },
  {
    "shop": "MAXIMA",
    "categories": [
      1,
      1001,
      1001009
    ],
    "productName": "Viskijs JAMESON CRESTED 40% 0,7L",
    "productPriceOld": null,
    "productPrice": {
      "value": 33.49,
      "unit": "€"
    },
    "productPricePerUnit": {
      "value": 47.84,
      "unit": "€/l"
    },
    "productPriceWithLoyaltyCard": null,
    "productPricePerUnitWithLoyaltyCard": null,
    "imageUrl": "https://cdn.barbora.lv/products/2241f320-900a-4730-8cbe-92dc48a17daf_s.png",
    "available": true,
    "discount": null
  },
  {
    "shop": "MAXIMA",
    "categories": [
      1,
      1001,
      1001008
    ],
    "productName": "Konjaks HENRI MOUNIER VSOP 40% 0,5l",
    "productPriceOld": {
      "value": 29.3,
      "unit": "€"
    },
    "productPrice": {
      "value": 23.99,
      "unit": "€"
    },
    "productPricePerUnit": {
      "value": 47.98,
      "unit": "€/l"
    },
    "productPriceWithLoyaltyCard": null,
    "productPricePerUnitWithLoyaltyCard": null,
    "imageUrl": "https://cdn.barbora.lv/products/b54b5f6f-d83b-46e5-81e2-08ddbb1f91f5_s.png",
    "available": true,
    "discount": 18
  },
  {
    "shop": "MAXIMA",
    "categories": [
      1,
      1001,
      10010017
    ],
    "productName": "Absints J.S Green 70% 0,7L",
    "productPriceOld": null,
    "productPrice": {
      "value": 33.86,
      "unit": "€"
    },
    "productPricePerUnit": {
      "value": 48.37,
      "unit": "€/l"
    },
    "productPriceWithLoyaltyCard": null,
    "productPricePerUnitWithLoyaltyCard": null,
    "imageUrl": "https://cdn.barbora.lv/products/15a24874-4663-4b6e-9879-5aa9faf1680a_s.png",
    "available": true,
    "discount": null
  },
  {
    "shop": "RIMI",
    "categories": [
      1,
      1001,
      1001007
    ],
    "productName": "Rums Diplomatico Mantuano, kastē 40% 0,7l",
    "productPriceOld": null,
    "productPrice": {
      "value": 33.99,
      "unit": "€/gab"
    },
    "productPricePerUnit": {
      "value": 48.56,
      "unit": "€/l"
    },
    "productPriceWithLoyaltyCard": null,
    "productPricePerUnitWithLoyaltyCard": null,
    "imageUrl": "https://rimibaltic-res.cloudinary.com/image/upload/d_ecommerce:backend-fallback.png/MAT_7259246_PCE_LV",
    "available": true,
    "discount": null
  },
  {
    "shop": "RIMI",
    "categories": [
      1,
      1001,
      1001007
    ],
    "productName": "Rums Diplomatico Mantuano, kastē 40% 0,7l",
    "productPriceOld": null,
    "productPrice": {
      "value": 33.99,
      "unit": "€/gab"
    },
    "productPricePerUnit": {
      "value": 48.56,
      "unit": "€/l"
    },
    "productPriceWithLoyaltyCard": null,
    "productPricePerUnitWithLoyaltyCard": null,
    "imageUrl": "https://rimibaltic-res.cloudinary.com/image/upload/d_ecommerce:backend-fallback.png/MAT_7259246_PCE_LV",
    "available": true,
    "discount": null
  },
  {
    "shop": "RIMI",
    "categories": [
      1,
      1001,
      1001009
    ],
    "productName": "Viskijs Jameson Black Barrel 40% 0,7l",
    "productPriceOld": null,
    "productPrice": {
      "value": 44.49,
      "unit": "€/gab"
    },
    "productPricePerUnit": {
      "value": 63.56,
      "unit": "€/l"
    },
    "productPriceWithLoyaltyCard": {
      "value": 33.99,
      "unit": "€"
    },
    "productPricePerUnitWithLoyaltyCard": {
      "value": 48.56,
      "unit": "€/l"
    },
    "imageUrl": "https://rimibaltic-res.cloudinary.com/image/upload/d_ecommerce:backend-fallback.png/MAT_7070069_PCE_LV",
    "available": true,
    "discount": 24
  },
  {
    "shop": "RIMI",
    "categories": [
      1,
      1001,
      1001009
    ],
    "productName": "Viskijs Glenmorangie Original 12YO 40% 0,7l",
    "productPriceOld": null,
    "productPrice": {
      "value": 50.39,
      "unit": "€/gab"
    },
    "productPricePerUnit": {
      "value": 71.99,
      "unit": "€/l"
    },
    "productPriceWithLoyaltyCard": {
      "value": 33.99,
      "unit": "€"
    },
    "productPricePerUnitWithLoyaltyCard": {
      "value": 48.56,
      "unit": "€/l"
    },
    "imageUrl": "https://rimibaltic-res.cloudinary.com/image/upload/d_ecommerce:backend-fallback.png/MAT_7302860_PCE_LV",
    "available": true,
    "discount": 33
  },
  {
    "shop": "CITRO",
    "categories": [
      1,
      1001,
      1001008
    ],
    "productName": "KONJAKS FRANČU MARTELL V.S. 40% 0.7L",
    "productPriceOld": null,
    "productPrice": null,
    "productPricePerUnit": {
      "value": 48.56,
      "unit": "€/L"
    },
    "productPriceWithLoyaltyCard": null,
    "productPricePerUnitWithLoyaltyCard": null,
    "imageUrl": "https://rezekne.citro.lv/wp-content/uploads/2025/01/3219820000085-300x300.jpeg",
    "available": true,
    "discount": null
  },
  {
    "shop": "MAXIMA",
    "categories": [
      1,
      1001,
      1001007
    ],
    "productName": "Rums PLANTATION GRAN ANEJO 42% 0,7L",
    "productPriceOld": null,
    "productPrice": {
      "value": 34.12,
      "unit": "€"
    },
    "productPricePerUnit": {
      "value": 48.74,
      "unit": "€/l"
    },
    "productPriceWithLoyaltyCard": null,
    "productPricePerUnitWithLoyaltyCard": null,
    "imageUrl": "https://cdn.barbora.lv/products/1fcd7c7a-283e-4e4c-8169-d654924a3627_s.png",
    "available": true,
    "discount": null
  },
  {
    "shop": "RIMI",
    "categories": [
      1,
      1001,
      1001009
    ],
    "productName": "Viskijs Glen Moray Classic 40% 0,7l",
    "productPriceOld": null,
    "productPrice": {
      "value": 34.39,
      "unit": "€/gab"
    },
    "productPricePerUnit": {
      "value": 49.13,
      "unit": "€/l"
    },
    "productPriceWithLoyaltyCard": null,
    "productPricePerUnitWithLoyaltyCard": null,
    "imageUrl": "https://rimibaltic-res.cloudinary.com/image/upload/d_ecommerce:backend-fallback.png/MAT_7226076_PCE_LV",
    "available": true,
    "discount": null
  },
  {
    "shop": "MAXIMA",
    "categories": [
      1,
      1001,
      1001007
    ],
    "productName": "Rums DIPLOMATICO RESERVA EXCL. 40% 0,7L",
    "productPriceOld": {
      "value": 49.31,
      "unit": "€"
    },
    "productPrice": {
      "value": 49.31,
      "unit": "€"
    },
    "productPricePerUnit": {
      "value": 70.44,
      "unit": "€/l"
    },
    "productPriceWithLoyaltyCard": {
      "value": 34.49,
      "unit": "€"
    },
    "productPricePerUnitWithLoyaltyCard": {
      "value": 49.27,
      "unit": "€/l"
    },
    "imageUrl": "https://cdn.barbora.lv/products/49f4f55a-47ad-4ca5-9377-e44a41d8dca7_s.png",
    "available": true,
    "discount": 30
  },
  {
    "shop": "MAXIMA",
    "categories": [
      1,
      1001,
      1001008
    ],
    "productName": "Konjaks HENNESSY VS 40% 0,35L",
    "productPriceOld": null,
    "productPrice": {
      "value": 17.45,
      "unit": "€"
    },
    "productPricePerUnit": {
      "value": 49.86,
      "unit": "€/l"
    },
    "productPriceWithLoyaltyCard": null,
    "productPricePerUnitWithLoyaltyCard": null,
    "imageUrl": "https://cdn.barbora.lv/products/ea1cebfd-f46e-467c-98ac-3303947fca76_s.png",
    "available": true,
    "discount": null
  },
  {
    "shop": "RIMI",
    "categories": [
      1,
      1001,
      1001008
    ],
    "productName": "Konjaks Hennessy VS  40% 0,2l",
    "productPriceOld": null,
    "productPrice": {
      "value": 13.99,
      "unit": "€/gab"
    },
    "productPricePerUnit": {
      "value": 69.95,
      "unit": "€/l"
    },
    "productPriceWithLoyaltyCard": {
      "value": 9.99,
      "unit": "€"
    },
    "productPricePerUnitWithLoyaltyCard": {
      "value": 49.95,
      "unit": "€/l"
    },
    "imageUrl": "https://rimibaltic-res.cloudinary.com/image/upload/d_ecommerce:backend-fallback.png/MAT_102027_PCE_LV",
    "available": true,
    "discount": 29
  },
  {
    "shop": "RIMI",
    "categories": [
      1,
      1001,
      1001009
    ],
    "productName": "Viskijs Connemara Original 40% 0,7l",
    "productPriceOld": null,
    "productPrice": {
      "value": 47.59,
      "unit": "€/gab"
    },
    "productPricePerUnit": {
      "value": 67.99,
      "unit": "€/l"
    },
    "productPriceWithLoyaltyCard": {
      "value": 34.99,
      "unit": "€"
    },
    "productPricePerUnitWithLoyaltyCard": {
      "value": 49.99,
      "unit": "€/l"
    },
    "imageUrl": "https://rimibaltic-res.cloudinary.com/image/upload/d_ecommerce:backend-fallback.png/MAT_456679_PCE_LV",
    "available": true,
    "discount": 26
  },
  {
    "shop": "MAXIMA",
    "categories": [
      1,
      1001,
      10010011
    ],
    "productName": "Tekila ROOSTER ROJO REPOSADO 38% 0,7L",
    "productPriceOld": null,
    "productPrice": {
      "value": 34.99,
      "unit": "€"
    },
    "productPricePerUnit": {
      "value": 49.99,
      "unit": "€/l"
    },
    "productPriceWithLoyaltyCard": null,
    "productPricePerUnitWithLoyaltyCard": null,
    "imageUrl": "https://cdn.barbora.lv/products/9fc1a807-470a-49d5-a36d-6db0bcb44a1a_s.png",
    "available": true,
    "discount": null
  },
  {
    "shop": "MAXIMA",
    "categories": [
      1,
      1001,
      1001008
    ],
    "productName": "Konjaks CAMUS VS INTEN.AROMATIC 40% 0,7L",
    "productPriceOld": {
      "value": 50.81,
      "unit": "€"
    },
    "productPrice": {
      "value": 34.99,
      "unit": "€"
    },
    "productPricePerUnit": {
      "value": 49.99,
      "unit": "€/l"
    },
    "productPriceWithLoyaltyCard": null,
    "productPricePerUnitWithLoyaltyCard": null,
    "imageUrl": "https://cdn.barbora.lv/products/01f183a5-c405-4a5c-ab0e-5a3ff9d87bda_s.png",
    "available": true,
    "discount": 31
  },
  {
    "shop": "RIMI",
    "categories": [
      1,
      1001,
      10010011
    ],
    "productName": "Tekila Sierra Antiguo Plata 40% 0,7l",
    "productPriceOld": null,
    "productPrice": {
      "value": 35.19,
      "unit": "€/gab"
    },
    "productPricePerUnit": {
      "value": 50.27,
      "unit": "€/l"
    },
    "productPriceWithLoyaltyCard": null,
    "productPricePerUnitWithLoyaltyCard": null,
    "imageUrl": "https://rimibaltic-res.cloudinary.com/image/upload/d_ecommerce:backend-fallback.png/MAT_7094396_PCE_LV",
    "available": true,
    "discount": null
  },
  {
    "shop": "RIMI",
    "categories": [
      1,
      1001,
      10010012
    ],
    "productName": "Džins Abavas botāniskais 40% 0,7l",
    "productPriceOld": null,
    "productPrice": {
      "value": 35.49,
      "unit": "€/gab"
    },
    "productPricePerUnit": {
      "value": 50.7,
      "unit": "€/l"
    },
    "productPriceWithLoyaltyCard": null,
    "productPricePerUnitWithLoyaltyCard": null,
    "imageUrl": "https://rimibaltic-res.cloudinary.com/image/upload/d_ecommerce:backend-fallback.png/MAT_7299805_PCE_LV",
    "available": true,
    "discount": null
  },
  {
    "shop": "RIMI",
    "categories": [
      1,
      1001,
      1001009
    ],
    "productName": "Viskijs Bushmills Malt 10 YO 40% 0,7l",
    "productPriceOld": null,
    "productPrice": {
      "value": 35.69,
      "unit": "€/gab"
    },
    "productPricePerUnit": {
      "value": 50.99,
      "unit": "€/l"
    },
    "productPriceWithLoyaltyCard": null,
    "productPricePerUnitWithLoyaltyCard": null,
    "imageUrl": "https://rimibaltic-res.cloudinary.com/image/upload/d_ecommerce:backend-fallback.png/MAT_106686_PCE_LV",
    "available": true,
    "discount": null
  },
  {
    "shop": "MAXIMA",
    "categories": [
      1,
      1001,
      10010012
    ],
    "productName": "Džins CITADELLE JARDIN D'ETE 44% 0,7L",
    "productPriceOld": null,
    "productPrice": {
      "value": 35.84,
      "unit": "€"
    },
    "productPricePerUnit": {
      "value": 51.2,
      "unit": "€/l"
    },
    "productPriceWithLoyaltyCard": null,
    "productPricePerUnitWithLoyaltyCard": null,
    "imageUrl": "https://cdn.barbora.lv/products/0b068706-d3bf-45b6-87c3-a1bd59dffc57_s.png",
    "available": true,
    "discount": null
  },
  {
    "shop": "RIMI",
    "categories": [
      1,
      1001,
      1001009
    ],
    "productName": "Viskijs Clubman Haig 0,7l 40%",
    "productPriceOld": null,
    "productPrice": {
      "value": 35.99,
      "unit": "€/gab"
    },
    "productPricePerUnit": {
      "value": 51.41,
      "unit": "€/l"
    },
    "productPriceWithLoyaltyCard": null,
    "productPricePerUnitWithLoyaltyCard": null,
    "imageUrl": "https://rimibaltic-res.cloudinary.com/image/upload/d_ecommerce:backend-fallback.png/MAT_7282479_PCE_LV",
    "available": true,
    "discount": null
  },
  {
    "shop": "MAXIMA",
    "categories": [
      1,
      1001,
      10010011
    ],
    "productName": "Tekila ROOSTER ROJO ANEJO 38% 0,7L",
    "productPriceOld": null,
    "productPrice": {
      "value": 35.99,
      "unit": "€"
    },
    "productPricePerUnit": {
      "value": 51.41,
      "unit": "€/l"
    },
    "productPriceWithLoyaltyCard": null,
    "productPricePerUnitWithLoyaltyCard": null,
    "imageUrl": "https://cdn.barbora.lv/products/af11487e-992b-43bc-be69-671c9cbb4e4c_s.png",
    "available": true,
    "discount": null
  },
  {
    "shop": "MAXIMA",
    "categories": [
      1,
      1001,
      1001007
    ],
    "productName": "Rums PLANTATION BARBADOS 5YO 40% 0,7L",
    "productPriceOld": null,
    "productPrice": {
      "value": 35.99,
      "unit": "€"
    },
    "productPricePerUnit": {
      "value": 51.41,
      "unit": "€/l"
    },
    "productPriceWithLoyaltyCard": null,
    "productPricePerUnitWithLoyaltyCard": null,
    "imageUrl": "https://cdn.barbora.lv/products/b55bac7a-a069-416d-b49e-f712a59d4251_s.png",
    "available": true,
    "discount": null
  },
  {
    "shop": "MAXIMA",
    "categories": [
      1,
      1001,
      1001008
    ],
    "productName": "Konjaks MEUKOW VSOP 40% 0,7L GB",
    "productPriceOld": {
      "value": 60.78,
      "unit": "€"
    },
    "productPrice": {
      "value": 60.78,
      "unit": "€"
    },
    "productPricePerUnit": {
      "value": 86.83,
      "unit": "€/l"
    },
    "productPriceWithLoyaltyCard": {
      "value": 35.99,
      "unit": "€"
    },
    "productPricePerUnitWithLoyaltyCard": {
      "value": 51.42,
      "unit": "€/l"
    },
    "imageUrl": "https://cdn.barbora.lv/products/990f9eb3-fcdb-4fa1-8274-4b59066a4f81_s.png",
    "available": true,
    "discount": 41
  },
  {
    "shop": "MAXIMA",
    "categories": [
      1,
      1001,
      1001008
    ],
    "productName": "Konjaks PLANAT VS 40% 0,7L",
    "productPriceOld": null,
    "productPrice": {
      "value": 36,
      "unit": "€"
    },
    "productPricePerUnit": {
      "value": 51.43,
      "unit": "€/l"
    },
    "productPriceWithLoyaltyCard": null,
    "productPricePerUnitWithLoyaltyCard": null,
    "imageUrl": "https://cdn.barbora.lv/products/2de02734-6be9-48a5-b193-dde038e28534_s.png",
    "available": true,
    "discount": null
  },
  {
    "shop": "MAXIMA",
    "categories": [
      1,
      1001,
      1001008
    ],
    "productName": "Konjaks GODET VS CLASSIQUE 40% 0,7L",
    "productPriceOld": null,
    "productPrice": {
      "value": 36.38,
      "unit": "€"
    },
    "productPricePerUnit": {
      "value": 51.97,
      "unit": "€/l"
    },
    "productPriceWithLoyaltyCard": null,
    "productPricePerUnitWithLoyaltyCard": null,
    "imageUrl": "https://cdn.barbora.lv/products/b0efe757-c011-4a08-bbc0-5574e1946cc8_s.png",
    "available": true,
    "discount": null
  },
  {
    "shop": "RIMI",
    "categories": [
      1,
      1001,
      1001007
    ],
    "productName": "Rums Planteray 5Y Grand Reserve 40% 0,7l",
    "productPriceOld": null,
    "productPrice": {
      "value": 36.49,
      "unit": "€/gab"
    },
    "productPricePerUnit": {
      "value": 52.13,
      "unit": "€/l"
    },
    "productPriceWithLoyaltyCard": null,
    "productPricePerUnitWithLoyaltyCard": null,
    "imageUrl": "https://rimibaltic-res.cloudinary.com/image/upload/d_ecommerce:backend-fallback.png/MAT_7062669_PCE_LV",
    "available": true,
    "discount": null
  },
  {
    "shop": "MAXIMA",
    "categories": [
      1,
      1001,
      10010016
    ],
    "productName": "Degvīns GREY GOOSE 40% 0,7L",
    "productPriceOld": {
      "value": 51.31,
      "unit": "€"
    },
    "productPrice": {
      "value": 51.31,
      "unit": "€"
    },
    "productPricePerUnit": {
      "value": 73.3,
      "unit": "€/l"
    },
    "productPriceWithLoyaltyCard": {
      "value": 36.49,
      "unit": "€"
    },
    "productPricePerUnitWithLoyaltyCard": {
      "value": 52.13,
      "unit": "€/l"
    },
    "imageUrl": "https://cdn.barbora.lv/products/81dcb2c5-cfb3-4290-81a2-affe7ecddc23_s.png",
    "available": true,
    "discount": 29
  },
  {
    "shop": "RIMI",
    "categories": [
      1,
      1001,
      1001008
    ],
    "productName": "Konjaks Meukow Deluxe 40% 0,35l",
    "productPriceOld": null,
    "productPrice": {
      "value": 18.25,
      "unit": "€/gab"
    },
    "productPricePerUnit": {
      "value": 52.14,
      "unit": "€/l"
    },
    "productPriceWithLoyaltyCard": null,
    "productPricePerUnitWithLoyaltyCard": null,
    "imageUrl": "https://rimibaltic-res.cloudinary.com/image/upload/d_ecommerce:backend-fallback.png/MAT_7298269_PCE_LV",
    "available": true,
    "discount": null
  },
  {
    "shop": "MAXIMA",
    "categories": [
      1,
      1001,
      1001007
    ],
    "productName": "Rums KRAKEN BLACK SPICED 40% 0,7l",
    "productPriceOld": null,
    "productPrice": {
      "value": 36.56,
      "unit": "€"
    },
    "productPricePerUnit": {
      "value": 52.23,
      "unit": "€/l"
    },
    "productPriceWithLoyaltyCard": null,
    "productPricePerUnitWithLoyaltyCard": null,
    "imageUrl": "https://cdn.barbora.lv/products/c2c71801-efdc-4c72-92b4-51ec658eea21_s.png",
    "available": true,
    "discount": null
  },
  {
    "shop": "MAXIMA",
    "categories": [
      1,
      1001,
      10010012
    ],
    "productName": "Džins TANQUERAY BLACKC.ROYALE 41,3% 0,7L",
    "productPriceOld": null,
    "productPrice": {
      "value": 36.57,
      "unit": "€"
    },
    "productPricePerUnit": {
      "value": 52.24,
      "unit": "€/l"
    },
    "productPriceWithLoyaltyCard": null,
    "productPricePerUnitWithLoyaltyCard": null,
    "imageUrl": "https://cdn.barbora.lv/products/6a9248fc-15bd-4f8b-b69e-757b1ed56cb8_s.png",
    "available": true,
    "discount": null
  },
  {
    "shop": "RIMI",
    "categories": [
      1,
      1001,
      1001009
    ],
    "productName": "Viskijs Jack Daniel's 40% 0,2l",
    "productPriceOld": null,
    "productPrice": {
      "value": 10.45,
      "unit": "€/gab"
    },
    "productPricePerUnit": {
      "value": 52.25,
      "unit": "€/l"
    },
    "productPriceWithLoyaltyCard": null,
    "productPricePerUnitWithLoyaltyCard": null,
    "imageUrl": "https://rimibaltic-res.cloudinary.com/image/upload/d_ecommerce:backend-fallback.png/MAT_7114430_PCE_LV",
    "available": true,
    "discount": null
  },
  {
    "shop": "RIMI",
    "categories": [
      1,
      1001,
      1001009
    ],
    "productName": "Viskijs Jack Daniels 40% 0,7l + 2 glāzes",
    "productPriceOld": null,
    "productPrice": {
      "value": 36.99,
      "unit": "€/gab"
    },
    "productPricePerUnit": {
      "value": 52.84,
      "unit": "€/l"
    },
    "productPriceWithLoyaltyCard": null,
    "productPricePerUnitWithLoyaltyCard": null,
    "imageUrl": "https://rimibaltic-res.cloudinary.com/image/upload/d_ecommerce:backend-fallback.png/MAT_748090_PCE_LV",
    "available": true,
    "discount": null
  },
  {
    "shop": "RIMI",
    "categories": [
      1,
      1001,
      1001009
    ],
    "productName": "Viskijs Jack Daniels 40% 0,7l + 2 glāzes",
    "productPriceOld": null,
    "productPrice": {
      "value": 36.99,
      "unit": "€/gab"
    },
    "productPricePerUnit": {
      "value": 52.84,
      "unit": "€/l"
    },
    "productPriceWithLoyaltyCard": null,
    "productPricePerUnitWithLoyaltyCard": null,
    "imageUrl": "https://rimibaltic-res.cloudinary.com/image/upload/d_ecommerce:backend-fallback.png/MAT_748090_PCE_LV",
    "available": true,
    "discount": null
  },
  {
    "shop": "MAXIMA",
    "categories": [
      1,
      1001,
      1001009
    ],
    "productName": "Viskijs JIM BEAM BLACK 43% 0,7L",
    "productPriceOld": null,
    "productPrice": {
      "value": 36.99,
      "unit": "€"
    },
    "productPricePerUnit": {
      "value": 52.84,
      "unit": "€/l"
    },
    "productPriceWithLoyaltyCard": null,
    "productPricePerUnitWithLoyaltyCard": null,
    "imageUrl": "https://cdn.barbora.lv/products/8ec5610c-107d-4995-b420-875ae8658575_s.png",
    "available": true,
    "discount": null
  },
  {
    "shop": "CITRO",
    "categories": [
      1,
      1001,
      1001007
    ],
    "productName": "RUMS FLOR DE CANA 12YO 40% 0.7L",
    "productPriceOld": null,
    "productPrice": null,
    "productPricePerUnit": {
      "value": 52.84,
      "unit": "€/L"
    },
    "productPriceWithLoyaltyCard": null,
    "productPricePerUnitWithLoyaltyCard": null,
    "imageUrl": "https://rezekne.citro.lv/wp-content/uploads/2024/06/7431008107003-300x300.jpg",
    "available": true,
    "discount": null
  },
  {
    "shop": "MAXIMA",
    "categories": [
      1,
      1001,
      1001008
    ],
    "productName": "Konjaks MARTELL VS 40% 0,7l",
    "productPriceOld": null,
    "productPrice": {
      "value": 37.18,
      "unit": "€"
    },
    "productPricePerUnit": {
      "value": 53.11,
      "unit": "€/l"
    },
    "productPriceWithLoyaltyCard": null,
    "productPricePerUnitWithLoyaltyCard": null,
    "imageUrl": "https://cdn.barbora.lv/products/3d727481-cc63-42d1-8d70-52204d81b099_s.png",
    "available": true,
    "discount": null
  },
  {
    "shop": "MAXIMA",
    "categories": [
      1,
      1001,
      10010012
    ],
    "productName": "Džins TANQUERAY SEVILLA 41,3% 0,7L",
    "productPriceOld": null,
    "productPrice": {
      "value": 37.27,
      "unit": "€"
    },
    "productPricePerUnit": {
      "value": 53.24,
      "unit": "€/l"
    },
    "productPriceWithLoyaltyCard": null,
    "productPricePerUnitWithLoyaltyCard": null,
    "imageUrl": "https://cdn.barbora.lv/products/8db05d03-4e27-4ad3-b7a6-d5f1b8c35a51_s.png",
    "available": true,
    "discount": null
  },
  {
    "shop": "MAXIMA",
    "categories": [
      1,
      1001,
      1001004
    ],
    "productName": "Šamp.TAITTINGER Brut Res.kastē12,5%0,75L",
    "productPriceOld": {
      "value": 62.19,
      "unit": "€"
    },
    "productPrice": {
      "value": 62.19,
      "unit": "€"
    },
    "productPricePerUnit": {
      "value": 82.92,
      "unit": "€/l"
    },
    "productPriceWithLoyaltyCard": {
      "value": 39.99,
      "unit": "€"
    },
    "productPricePerUnitWithLoyaltyCard": {
      "value": 53.32,
      "unit": "€/l"
    },
    "imageUrl": "https://cdn.barbora.lv/products/1ad22cb9-d4d8-4ff6-b43e-d7ded8b53a1a_s.png",
    "available": true,
    "discount": 36
  },
  {
    "shop": "MAXIMA",
    "categories": [
      1,
      1001,
      1001004
    ],
    "productName": "Šampanietis LANSON BRUT 12% 0,75L",
    "productPriceOld": {
      "value": 60.15,
      "unit": "€"
    },
    "productPrice": {
      "value": 60.15,
      "unit": "€"
    },
    "productPricePerUnit": {
      "value": 80.2,
      "unit": "€/l"
    },
    "productPriceWithLoyaltyCard": {
      "value": 39.99,
      "unit": "€"
    },
    "productPricePerUnitWithLoyaltyCard": {
      "value": 53.32,
      "unit": "€/l"
    },
    "imageUrl": "https://cdn.barbora.lv/products/944edb5c-1023-4cae-81a8-c049c8d9dac8_s.png",
    "available": true,
    "discount": 34
  },
  {
    "shop": "MAXIMA",
    "categories": [
      1,
      1001,
      1001009
    ],
    "productName": "Viskijs FOUR ROSES SMALL BATCH 45% 0,7l",
    "productPriceOld": null,
    "productPrice": {
      "value": 37.37,
      "unit": "€"
    },
    "productPricePerUnit": {
      "value": 53.39,
      "unit": "€/l"
    },
    "productPriceWithLoyaltyCard": null,
    "productPricePerUnitWithLoyaltyCard": null,
    "imageUrl": "https://cdn.barbora.lv/products/c05c1cb5-53db-4811-8506-ea2150dc6c0b_s.png",
    "available": true,
    "discount": null
  },
  {
    "shop": "MAXIMA",
    "categories": [
      1,
      1001,
      10010013
    ],
    "productName": "Liķieris SHERIDANS PERFEKT 15,5% 0,5l",
    "productPriceOld": null,
    "productPrice": {
      "value": 26.75,
      "unit": "€"
    },
    "productPricePerUnit": {
      "value": 53.5,
      "unit": "€/l"
    },
    "productPriceWithLoyaltyCard": null,
    "productPricePerUnitWithLoyaltyCard": null,
    "imageUrl": "https://cdn.barbora.lv/products/1d4bc082-a651-4a63-9af6-7dd21d3e5e98_s.png",
    "available": true,
    "discount": null
  },
  {
    "shop": "RIMI",
    "categories": [
      1,
      1001,
      10010012
    ],
    "productName": "Džins Tanqueray Sevilla 41,3% 0,7l",
    "productPriceOld": null,
    "productPrice": {
      "value": 37.49,
      "unit": "€/gab"
    },
    "productPricePerUnit": {
      "value": 53.56,
      "unit": "€/l"
    },
    "productPriceWithLoyaltyCard": null,
    "productPricePerUnitWithLoyaltyCard": null,
    "imageUrl": "https://rimibaltic-res.cloudinary.com/image/upload/d_ecommerce:backend-fallback.png/MAT_7228048_PCE_LV",
    "available": true,
    "discount": null
  },
  {
    "shop": "RIMI",
    "categories": [
      1,
      1001,
      10010012
    ],
    "productName": "Džins Tanqueray Sevilla 41,3% 0,7l",
    "productPriceOld": null,
    "productPrice": {
      "value": 37.49,
      "unit": "€/gab"
    },
    "productPricePerUnit": {
      "value": 53.56,
      "unit": "€/l"
    },
    "productPriceWithLoyaltyCard": null,
    "productPricePerUnitWithLoyaltyCard": null,
    "imageUrl": "https://rimibaltic-res.cloudinary.com/image/upload/d_ecommerce:backend-fallback.png/MAT_7228048_PCE_LV",
    "available": true,
    "discount": null
  },
  {
    "shop": "RIMI",
    "categories": [
      1,
      1001,
      10010012
    ],
    "productName": "Džins Tanqueray Blackcurrant Royale 41,3%0,7l",
    "productPriceOld": null,
    "productPrice": {
      "value": 37.49,
      "unit": "€/gab"
    },
    "productPricePerUnit": {
      "value": 53.56,
      "unit": "€/l"
    },
    "productPriceWithLoyaltyCard": null,
    "productPricePerUnitWithLoyaltyCard": null,
    "imageUrl": "https://rimibaltic-res.cloudinary.com/image/upload/d_ecommerce:backend-fallback.png/MAT_7270521_PCE_LV",
    "available": true,
    "discount": null
  },
  {
    "shop": "RIMI",
    "categories": [
      1,
      1001,
      10010012
    ],
    "productName": "Džins Tanqueray Blackcurrant Royale 41,3%0,7l",
    "productPriceOld": null,
    "productPrice": {
      "value": 37.49,
      "unit": "€/gab"
    },
    "productPricePerUnit": {
      "value": 53.56,
      "unit": "€/l"
    },
    "productPriceWithLoyaltyCard": null,
    "productPricePerUnitWithLoyaltyCard": null,
    "imageUrl": "https://rimibaltic-res.cloudinary.com/image/upload/d_ecommerce:backend-fallback.png/MAT_7270521_PCE_LV",
    "available": true,
    "discount": null
  },
  {
    "shop": "RIMI",
    "categories": [
      1,
      1001,
      10010019
    ],
    "productName": "St. alk. dzēriens Ararat Cherry 30% 0,5l",
    "productPriceOld": null,
    "productPrice": {
      "value": 26.79,
      "unit": "€/gab"
    },
    "productPricePerUnit": {
      "value": 53.58,
      "unit": "€/l"
    },
    "productPriceWithLoyaltyCard": null,
    "productPricePerUnitWithLoyaltyCard": null,
    "imageUrl": "https://rimibaltic-res.cloudinary.com/image/upload/d_ecommerce:backend-fallback.png/MAT_7282255_PCE_LV",
    "available": true,
    "discount": null
  },
  {
    "shop": "RIMI",
    "categories": [
      1,
      1001,
      1001004
    ],
    "productName": "Šamp. Veuve Doussot Brut, sausais 12,5% 0,75l",
    "productPriceOld": null,
    "productPrice": {
      "value": 40.49,
      "unit": "€/gab"
    },
    "productPricePerUnit": {
      "value": 53.99,
      "unit": "€/l"
    },
    "productPriceWithLoyaltyCard": null,
    "productPricePerUnitWithLoyaltyCard": null,
    "imageUrl": "https://rimibaltic-res.cloudinary.com/image/upload/d_ecommerce:backend-fallback.png/MAT_7144532_PCE_LV",
    "available": true,
    "discount": null
  },
  {
    "shop": "RIMI",
    "categories": [
      1,
      1001,
      1001004
    ],
    "productName": "Šamp. Veuve Doussot Brut, sausais 12,5% 0,75l",
    "productPriceOld": null,
    "productPrice": {
      "value": 40.49,
      "unit": "€/gab"
    },
    "productPricePerUnit": {
      "value": 53.99,
      "unit": "€/l"
    },
    "productPriceWithLoyaltyCard": null,
    "productPricePerUnitWithLoyaltyCard": null,
    "imageUrl": "https://rimibaltic-res.cloudinary.com/image/upload/d_ecommerce:backend-fallback.png/MAT_7144532_PCE_LV",
    "available": true,
    "discount": null
  },
  {
    "shop": "MAXIMA",
    "categories": [
      1,
      1001,
      10010016
    ],
    "productName": "Degvīns REYKA VODKA 40% 0,7L",
    "productPriceOld": null,
    "productPrice": {
      "value": 37.99,
      "unit": "€"
    },
    "productPricePerUnit": {
      "value": 54.27,
      "unit": "€/l"
    },
    "productPriceWithLoyaltyCard": null,
    "productPricePerUnitWithLoyaltyCard": null,
    "imageUrl": "https://cdn.barbora.lv/products/6c770647-d4cc-4410-baed-67748538135b_s.png",
    "available": true,
    "discount": null
  },
  {
    "shop": "MAXIMA",
    "categories": [
      1,
      1001,
      1001008
    ],
    "productName": "Konjaks HENNESSY VS 40% 1l",
    "productPriceOld": null,
    "productPrice": {
      "value": 54.95,
      "unit": "€"
    },
    "productPricePerUnit": {
      "value": 54.95,
      "unit": "€/l"
    },
    "productPriceWithLoyaltyCard": null,
    "productPricePerUnitWithLoyaltyCard": null,
    "imageUrl": "https://cdn.barbora.lv/products/cc48067d-65ad-4559-8d56-ac0bc9d07388_s.png",
    "available": true,
    "discount": null
  },
  {
    "shop": "MAXIMA",
    "categories": [
      1,
      1001,
      1001009
    ],
    "productName": "Viskijs CHIVAS REGAL 12YO 40% 0,7L",
    "productPriceOld": null,
    "productPrice": {
      "value": 38.78,
      "unit": "€"
    },
    "productPricePerUnit": {
      "value": 55.4,
      "unit": "€/l"
    },
    "productPriceWithLoyaltyCard": null,
    "productPricePerUnitWithLoyaltyCard": null,
    "imageUrl": "https://cdn.barbora.lv/products/73496b29-1dba-420d-8216-6e2a91c8d95e_s.png",
    "available": true,
    "discount": null
  },
  {
    "shop": "RIMI",
    "categories": [
      1,
      1001,
      1001008
    ],
    "productName": "Konjaks Hennessy VS 40% 1l",
    "productPriceOld": null,
    "productPrice": {
      "value": 55.49,
      "unit": "€/gab"
    },
    "productPricePerUnit": {
      "value": 55.49,
      "unit": "€/l"
    },
    "productPriceWithLoyaltyCard": null,
    "productPricePerUnitWithLoyaltyCard": null,
    "imageUrl": "https://rimibaltic-res.cloudinary.com/image/upload/d_ecommerce:backend-fallback.png/MAT_102025_PCE_LV",
    "available": true,
    "discount": null
  },
  {
    "shop": "MAXIMA",
    "categories": [
      1,
      1001,
      1001008
    ],
    "productName": "Konjaks COURVOISIER VSOP 40% 0,7L GB",
    "productPriceOld": {
      "value": 52.31,
      "unit": "€"
    },
    "productPrice": {
      "value": 52.31,
      "unit": "€"
    },
    "productPricePerUnit": {
      "value": 74.73,
      "unit": "€/l"
    },
    "productPriceWithLoyaltyCard": {
      "value": 38.99,
      "unit": "€"
    },
    "productPricePerUnitWithLoyaltyCard": {
      "value": 55.7,
      "unit": "€/l"
    },
    "imageUrl": "https://cdn.barbora.lv/products/d7720b61-6330-4b0a-acf8-63bcf0df9174_s.png",
    "available": true,
    "discount": 25
  },
  {
    "shop": "MAXIMA",
    "categories": [
      1,
      1001,
      10010010
    ],
    "productName": "Brendijs ARARAT COFFEE 30% 0,5L",
    "productPriceOld": null,
    "productPrice": {
      "value": 27.91,
      "unit": "€"
    },
    "productPricePerUnit": {
      "value": 55.82,
      "unit": "€/l"
    },
    "productPriceWithLoyaltyCard": null,
    "productPricePerUnitWithLoyaltyCard": null,
    "imageUrl": "https://cdn.barbora.lv/products/6533a464-24aa-4deb-b1c6-a67c6b2945de_s.png",
    "available": true,
    "discount": null
  },
  {
    "shop": "MAXIMA",
    "categories": [
      1,
      1001,
      10010019
    ],
    "productName": "Stiprs alkoholisks dzēriens ARARAT Apricot 30% 0,5L",
    "productPriceOld": null,
    "productPrice": {
      "value": 27.96,
      "unit": "€"
    },
    "productPricePerUnit": {
      "value": 55.92,
      "unit": "€/l"
    },
    "productPriceWithLoyaltyCard": null,
    "productPricePerUnitWithLoyaltyCard": null,
    "imageUrl": "https://cdn.barbora.lv/products/4794deca-d3a8-4751-96f3-13f4bf8b0759_s.png",
    "available": true,
    "discount": null
  },
  {
    "shop": "RIMI",
    "categories": [
      1,
      1001,
      1001009
    ],
    "productName": "Viskijs Tamnavulin Sherry Cask kārbā 40% 0,7l",
    "productPriceOld": null,
    "productPrice": {
      "value": 39.15,
      "unit": "€/gab"
    },
    "productPricePerUnit": {
      "value": 55.93,
      "unit": "€/l"
    },
    "productPriceWithLoyaltyCard": null,
    "productPricePerUnitWithLoyaltyCard": null,
    "imageUrl": "https://rimibaltic-res.cloudinary.com/image/upload/d_ecommerce:backend-fallback.png/MAT_7286663_PCE_LV",
    "available": true,
    "discount": null
  },
  {
    "shop": "RIMI",
    "categories": [
      1,
      1001,
      1001009
    ],
    "productName": "Viskijs Tamnavulin Double Cask kārbā 40% 0,7l",
    "productPriceOld": null,
    "productPrice": {
      "value": 39.15,
      "unit": "€/gab"
    },
    "productPricePerUnit": {
      "value": 55.93,
      "unit": "€/l"
    },
    "productPriceWithLoyaltyCard": null,
    "productPricePerUnitWithLoyaltyCard": null,
    "imageUrl": "https://rimibaltic-res.cloudinary.com/image/upload/d_ecommerce:backend-fallback.png/MAT_7286662_PCE_LV",
    "available": true,
    "discount": null
  },
  {
    "shop": "RIMI",
    "categories": [
      1,
      1001,
      1001004
    ],
    "productName": "Šamp.Veuve Doussot Demi-Seco 12,5%0,75l",
    "productPriceOld": null,
    "productPrice": {
      "value": 42.19,
      "unit": "€/gab"
    },
    "productPricePerUnit": {
      "value": 56.25,
      "unit": "€/l"
    },
    "productPriceWithLoyaltyCard": null,
    "productPricePerUnitWithLoyaltyCard": null,
    "imageUrl": "https://rimibaltic-res.cloudinary.com/image/upload/d_ecommerce:backend-fallback.png/MAT_7144523_PCE_LV",
    "available": true,
    "discount": null
  },
  {
    "shop": "RIMI",
    "categories": [
      1,
      1001,
      1001008
    ],
    "productName": "Konjaks Meukow De Luxe 40% 0,7l",
    "productPriceOld": null,
    "productPrice": {
      "value": 39.39,
      "unit": "€/gab"
    },
    "productPricePerUnit": {
      "value": 56.27,
      "unit": "€/l"
    },
    "productPriceWithLoyaltyCard": null,
    "productPricePerUnitWithLoyaltyCard": null,
    "imageUrl": "https://rimibaltic-res.cloudinary.com/image/upload/d_ecommerce:backend-fallback.png/MAT_101997_PCE_LV",
    "available": true,
    "discount": null
  },
  {
    "shop": "RIMI",
    "categories": [
      1,
      1001,
      1001004
    ],
    "productName": "Šampanietis Jean Pernet Blanc De 12% 0,75l",
    "productPriceOld": null,
    "productPrice": {
      "value": 42.35,
      "unit": "€/gab"
    },
    "productPricePerUnit": {
      "value": 56.47,
      "unit": "€/l"
    },
    "productPriceWithLoyaltyCard": null,
    "productPricePerUnitWithLoyaltyCard": null,
    "imageUrl": "https://rimibaltic-res.cloudinary.com/image/upload/d_ecommerce:backend-fallback.png/MAT_7285387_PCE_LV",
    "available": true,
    "discount": null
  },
  {
    "shop": "RIMI",
    "categories": [
      1,
      1001,
      1001004
    ],
    "productName": "Šampanietis Jean Pernet Tradition 12% 0,75l",
    "productPriceOld": null,
    "productPrice": {
      "value": 42.35,
      "unit": "€/gab"
    },
    "productPricePerUnit": {
      "value": 56.47,
      "unit": "€/l"
    },
    "productPriceWithLoyaltyCard": null,
    "productPricePerUnitWithLoyaltyCard": null,
    "imageUrl": "https://rimibaltic-res.cloudinary.com/image/upload/d_ecommerce:backend-fallback.png/MAT_7285388_PCE_LV",
    "available": true,
    "discount": null
  },
  {
    "shop": "MAXIMA",
    "categories": [
      1,
      1001,
      10010012
    ],
    "productName": "Džins MALFY Rosa 41% 0,7L",
    "productPriceOld": null,
    "productPrice": {
      "value": 39.81,
      "unit": "€"
    },
    "productPricePerUnit": {
      "value": 56.87,
      "unit": "€/l"
    },
    "productPriceWithLoyaltyCard": null,
    "productPricePerUnitWithLoyaltyCard": null,
    "imageUrl": "https://cdn.barbora.lv/products/e0cf77c7-9307-4ef5-863b-6659c03860af_s.png",
    "available": true,
    "discount": null
  },
  {
    "shop": "CITRO",
    "categories": [
      1,
      1001,
      1001008
    ],
    "productName": "KONJAKS COURVOISIER V.S. 40% 0.35L",
    "productPriceOld": null,
    "productPrice": null,
    "productPricePerUnit": {
      "value": 57.11,
      "unit": "€/L"
    },
    "productPriceWithLoyaltyCard": null,
    "productPricePerUnitWithLoyaltyCard": null,
    "imageUrl": "https://rezekne.citro.lv/wp-content/uploads/2025/02/4751039990126-300x300.jpg",
    "available": true,
    "discount": null
  },
  {
    "shop": "RIMI",
    "categories": [
      1,
      1001,
      1001008
    ],
    "productName": "Konjaks Larsen VS 40% 0,7l",
    "productPriceOld": null,
    "productPrice": {
      "value": 39.99,
      "unit": "€/gab"
    },
    "productPricePerUnit": {
      "value": 57.13,
      "unit": "€/l"
    },
    "productPriceWithLoyaltyCard": null,
    "productPricePerUnitWithLoyaltyCard": null,
    "imageUrl": "https://rimibaltic-res.cloudinary.com/image/upload/d_ecommerce:backend-fallback.png/MAT_101913_PCE_LV",
    "available": true,
    "discount": null
  },
  {
    "shop": "RIMI",
    "categories": [
      1,
      1001,
      10010016
    ],
    "productName": "Degvīns Belvedere Pure 40% 0,7l",
    "productPriceOld": null,
    "productPrice": {
      "value": 49.45,
      "unit": "€/gab"
    },
    "productPricePerUnit": {
      "value": 70.64,
      "unit": "€/l"
    },
    "productPriceWithLoyaltyCard": {
      "value": 39.99,
      "unit": "€"
    },
    "productPricePerUnitWithLoyaltyCard": {
      "value": 57.13,
      "unit": "€/l"
    },
    "imageUrl": "https://rimibaltic-res.cloudinary.com/image/upload/d_ecommerce:backend-fallback.png/MAT_7298265_PCE_LV",
    "available": true,
    "discount": 19
  },
  {
    "shop": "MAXIMA",
    "categories": [
      1,
      1001,
      1001009
    ],
    "productName": "Viskijs GLENFIDDICH 12YO 40% 0,7L",
    "productPriceOld": {
      "value": 60.31,
      "unit": "€"
    },
    "productPrice": {
      "value": 60.31,
      "unit": "€"
    },
    "productPricePerUnit": {
      "value": 86.16,
      "unit": "€/l"
    },
    "productPriceWithLoyaltyCard": {
      "value": 39.99,
      "unit": "€"
    },
    "productPricePerUnitWithLoyaltyCard": {
      "value": 57.13,
      "unit": "€/l"
    },
    "imageUrl": "https://cdn.barbora.lv/products/7df52d61-2514-490e-a276-df65a164b6cf_s.png",
    "available": true,
    "discount": 34
  },
  {
    "shop": "MAXIMA",
    "categories": [
      1,
      1001,
      1001009
    ],
    "productName": "Viskijs JIM BEAM DOUBLE OAK 43% 0,7L",
    "productPriceOld": null,
    "productPrice": {
      "value": 39.99,
      "unit": "€"
    },
    "productPricePerUnit": {
      "value": 57.13,
      "unit": "€/l"
    },
    "productPriceWithLoyaltyCard": null,
    "productPricePerUnitWithLoyaltyCard": null,
    "imageUrl": "https://cdn.barbora.lv/products/c4764797-ffcd-4db1-b1a9-c3a1f0658442_s.png",
    "available": true,
    "discount": null
  },
  {
    "shop": "MAXIMA",
    "categories": [
      1,
      1001,
      10010012
    ],
    "productName": "Džins THE BOTANIST 46% 0,7l",
    "productPriceOld": {
      "value": 49.89,
      "unit": "€"
    },
    "productPrice": {
      "value": 39.99,
      "unit": "€"
    },
    "productPricePerUnit": {
      "value": 57.13,
      "unit": "€/l"
    },
    "productPriceWithLoyaltyCard": null,
    "productPricePerUnitWithLoyaltyCard": null,
    "imageUrl": "https://cdn.barbora.lv/products/69f3dcd3-d5f9-4a8f-b736-2767140823bd_s.png",
    "available": true,
    "discount": 20
  },
  {
    "shop": "RIMI",
    "categories": [
      1,
      1001,
      1001004
    ],
    "productName": "Šamp. Moët&Chandon Imper. ar kasti 12% 0,75l",
    "productPriceOld": null,
    "productPrice": {
      "value": 60.35,
      "unit": "€/gab"
    },
    "productPricePerUnit": {
      "value": 80.47,
      "unit": "€/l"
    },
    "productPriceWithLoyaltyCard": {
      "value": 42.99,
      "unit": "€"
    },
    "productPricePerUnitWithLoyaltyCard": {
      "value": 57.32,
      "unit": "€/l"
    },
    "imageUrl": "https://rimibaltic-res.cloudinary.com/image/upload/d_ecommerce:backend-fallback.png/MAT_118847_PCE_LV",
    "available": true,
    "discount": 29
  },
  {
    "shop": "RIMI",
    "categories": [
      1,
      1001,
      10010012
    ],
    "productName": "Džins Malfy apelsīnu 41% 0,7L",
    "productPriceOld": null,
    "productPrice": {
      "value": 40.15,
      "unit": "€/gab"
    },
    "productPricePerUnit": {
      "value": 57.36,
      "unit": "€/l"
    },
    "productPriceWithLoyaltyCard": null,
    "productPricePerUnitWithLoyaltyCard": null,
    "imageUrl": "https://rimibaltic-res.cloudinary.com/image/upload/d_ecommerce:backend-fallback.png/MAT_7298151_PCE_LV",
    "available": true,
    "discount": null
  },
  {
    "shop": "RIMI",
    "categories": [
      1,
      1001,
      1001007
    ],
    "productName": "Rums Canerock 40% 0,7l",
    "productPriceOld": null,
    "productPrice": {
      "value": 40.49,
      "unit": "€/gab"
    },
    "productPricePerUnit": {
      "value": 57.84,
      "unit": "€/l"
    },
    "productPriceWithLoyaltyCard": null,
    "productPricePerUnitWithLoyaltyCard": null,
    "imageUrl": "https://rimibaltic-res.cloudinary.com/image/upload/d_ecommerce:backend-fallback.png/MAT_7295466_PCE_LV",
    "available": true,
    "discount": null
  },
  {
    "shop": "RIMI",
    "categories": [
      1,
      1001,
      1001009
    ],
    "productName": "Viskijs The Glenlivet 12YO 40%  0,7l kastē",
    "productPriceOld": null,
    "productPrice": {
      "value": 50.39,
      "unit": "€/gab"
    },
    "productPricePerUnit": {
      "value": 71.99,
      "unit": "€/l"
    },
    "productPriceWithLoyaltyCard": {
      "value": 40.99,
      "unit": "€"
    },
    "productPricePerUnitWithLoyaltyCard": {
      "value": 58.56,
      "unit": "€/l"
    },
    "imageUrl": "https://rimibaltic-res.cloudinary.com/image/upload/d_ecommerce:backend-fallback.png/MAT_110501_PCE_LV",
    "available": true,
    "discount": 19
  },
  {
    "shop": "RIMI",
    "categories": [
      1,
      1001,
      1001008
    ],
    "productName": "Konjaks Gauter Very Special 40% 0,7l",
    "productPriceOld": null,
    "productPrice": {
      "value": 40.99,
      "unit": "€/gab"
    },
    "productPricePerUnit": {
      "value": 58.56,
      "unit": "€/l"
    },
    "productPriceWithLoyaltyCard": null,
    "productPricePerUnitWithLoyaltyCard": null,
    "imageUrl": "https://rimibaltic-res.cloudinary.com/image/upload/d_ecommerce:backend-fallback.png/MAT_120435_PCE_LV",
    "available": true,
    "discount": null
  },
  {
    "shop": "MAXIMA",
    "categories": [
      1,
      1001,
      1001007
    ],
    "productName": "Rums DICTADOR 12YO 40% 0,7L",
    "productPriceOld": {
      "value": 54.04,
      "unit": "€"
    },
    "productPrice": {
      "value": 54.04,
      "unit": "€"
    },
    "productPricePerUnit": {
      "value": 77.2,
      "unit": "€/l"
    },
    "productPriceWithLoyaltyCard": {
      "value": 40.99,
      "unit": "€"
    },
    "productPricePerUnitWithLoyaltyCard": {
      "value": 58.56,
      "unit": "€/l"
    },
    "imageUrl": "https://cdn.barbora.lv/products/5b65fc05-d725-4973-adfb-1ce1b632cae2_s.png",
    "available": true,
    "discount": 24
  },
  {
    "shop": "MAXIMA",
    "categories": [
      1,
      1001,
      1001008
    ],
    "productName": "Konjaks GAUTIER VS 40% 0,7L GB",
    "productPriceOld": null,
    "productPrice": {
      "value": 40.99,
      "unit": "€"
    },
    "productPricePerUnit": {
      "value": 58.56,
      "unit": "€/l"
    },
    "productPriceWithLoyaltyCard": null,
    "productPricePerUnitWithLoyaltyCard": null,
    "imageUrl": "https://cdn.barbora.lv/products/4ca45d22-a471-40b8-be3a-cd387ff9c8e7_s.png",
    "available": true,
    "discount": null
  },
  {
    "shop": "RIMI",
    "categories": [
      1,
      1001,
      1001008
    ],
    "productName": "Konjaks Martell VS 40% 0,5l",
    "productPriceOld": null,
    "productPrice": {
      "value": 29.29,
      "unit": "€/gab"
    },
    "productPricePerUnit": {
      "value": 58.58,
      "unit": "€/l"
    },
    "productPriceWithLoyaltyCard": null,
    "productPricePerUnitWithLoyaltyCard": null,
    "imageUrl": "https://rimibaltic-res.cloudinary.com/image/upload/d_ecommerce:backend-fallback.png/MAT_7265455_PCE_LV",
    "available": true,
    "discount": null
  },
  {
    "shop": "RIMI",
    "categories": [
      1,
      1001,
      10010012
    ],
    "productName": "Džins Hendricks 41,4% 0,7l",
    "productPriceOld": null,
    "productPrice": {
      "value": 41.49,
      "unit": "€/gab"
    },
    "productPricePerUnit": {
      "value": 59.27,
      "unit": "€/l"
    },
    "productPriceWithLoyaltyCard": null,
    "productPricePerUnitWithLoyaltyCard": null,
    "imageUrl": "https://rimibaltic-res.cloudinary.com/image/upload/d_ecommerce:backend-fallback.png/MAT_7086010_PCE_LV",
    "available": true,
    "discount": null
  },
  {
    "shop": "RIMI",
    "categories": [
      1,
      1001,
      1001009
    ],
    "productName": "Viskijs Glendalough Double Barrel 42% 0,7l",
    "productPriceOld": null,
    "productPrice": {
      "value": 41.55,
      "unit": "€/gab"
    },
    "productPricePerUnit": {
      "value": 59.36,
      "unit": "€/l"
    },
    "productPriceWithLoyaltyCard": null,
    "productPricePerUnitWithLoyaltyCard": null,
    "imageUrl": "https://rimibaltic-res.cloudinary.com/image/upload/d_ecommerce:backend-fallback.png/MAT_7228016_PCE_LV",
    "available": true,
    "discount": null
  },
  {
    "shop": "RIMI",
    "categories": [
      1,
      1001,
      1001009
    ],
    "productName": "Viskijs Glendalough Double Barrel 42% 0,7l",
    "productPriceOld": null,
    "productPrice": {
      "value": 41.55,
      "unit": "€/gab"
    },
    "productPricePerUnit": {
      "value": 59.36,
      "unit": "€/l"
    },
    "productPriceWithLoyaltyCard": null,
    "productPricePerUnitWithLoyaltyCard": null,
    "imageUrl": "https://rimibaltic-res.cloudinary.com/image/upload/d_ecommerce:backend-fallback.png/MAT_7228016_PCE_LV",
    "available": true,
    "discount": null
  },
  {
    "shop": "MAXIMA",
    "categories": [
      1,
      1001,
      1001009
    ],
    "productName": "Viskijs GLENDALOUGH DOUB. BARR. 42% 0,7L",
    "productPriceOld": null,
    "productPrice": {
      "value": 41.55,
      "unit": "€"
    },
    "productPricePerUnit": {
      "value": 59.36,
      "unit": "€/l"
    },
    "productPriceWithLoyaltyCard": null,
    "productPricePerUnitWithLoyaltyCard": null,
    "imageUrl": "https://cdn.barbora.lv/products/c3ad15e6-1e7a-4da8-a986-11a95968b022_s.png",
    "available": true,
    "discount": null
  },
  {
    "shop": "MAXIMA",
    "categories": [
      1,
      1001,
      1001008
    ],
    "productName": "Konjaks MEUKOW VSOP 40% 0,35l",
    "productPriceOld": {
      "value": 35.23,
      "unit": "€"
    },
    "productPrice": {
      "value": 35.23,
      "unit": "€"
    },
    "productPricePerUnit": {
      "value": 100.66,
      "unit": "€/l"
    },
    "productPriceWithLoyaltyCard": {
      "value": 20.99,
      "unit": "€"
    },
    "productPricePerUnitWithLoyaltyCard": {
      "value": 59.97,
      "unit": "€/l"
    },
    "imageUrl": "https://cdn.barbora.lv/products/b248ea80-0233-4d77-9ce0-44c412d706c6_s.png",
    "available": true,
    "discount": 40
  },
  {
    "shop": "MAXIMA",
    "categories": [
      1,
      1001,
      1001007
    ],
    "productName": "Rums MATUSALEM GRAN RESERVA 40% 0,7l",
    "productPriceOld": null,
    "productPrice": {
      "value": 42.11,
      "unit": "€"
    },
    "productPricePerUnit": {
      "value": 60.16,
      "unit": "€/l"
    },
    "productPriceWithLoyaltyCard": null,
    "productPricePerUnitWithLoyaltyCard": null,
    "imageUrl": "https://cdn.barbora.lv/products/f25104b0-34b7-4bb8-b621-b61705b37d82_s.png",
    "available": true,
    "discount": null
  },
  {
    "shop": "RIMI",
    "categories": [
      1,
      1001,
      1001007
    ],
    "productName": "Rums Stroh 80% 0,5l",
    "productPriceOld": null,
    "productPrice": {
      "value": 30.25,
      "unit": "€/gab"
    },
    "productPricePerUnit": {
      "value": 60.5,
      "unit": "€/l"
    },
    "productPriceWithLoyaltyCard": null,
    "productPricePerUnitWithLoyaltyCard": null,
    "imageUrl": "https://rimibaltic-res.cloudinary.com/image/upload/d_ecommerce:backend-fallback.png/MAT_679014_PCE_LV",
    "available": true,
    "discount": null
  },
  {
    "shop": "MAXIMA",
    "categories": [
      1,
      1001,
      1001007
    ],
    "productName": "Rums STROH 80% 0,5l",
    "productPriceOld": null,
    "productPrice": {
      "value": 30.25,
      "unit": "€"
    },
    "productPricePerUnit": {
      "value": 60.5,
      "unit": "€/l"
    },
    "productPriceWithLoyaltyCard": null,
    "productPricePerUnitWithLoyaltyCard": null,
    "imageUrl": "https://cdn.barbora.lv/products/168a89b7-c12f-44f9-867d-19ce0419fe58_s.png",
    "available": true,
    "discount": null
  },
  {
    "shop": "RIMI",
    "categories": [
      1,
      1001,
      1001008
    ],
    "productName": "Konjaks Bache-Gabrielsen Americ. Oak 40% 0,7l",
    "productPriceOld": null,
    "productPrice": {
      "value": 42.55,
      "unit": "€/gab"
    },
    "productPricePerUnit": {
      "value": 60.79,
      "unit": "€/l"
    },
    "productPriceWithLoyaltyCard": null,
    "productPricePerUnitWithLoyaltyCard": null,
    "imageUrl": "https://rimibaltic-res.cloudinary.com/image/upload/d_ecommerce:backend-fallback.png/MAT_7286732_PCE_LV",
    "available": true,
    "discount": null
  },
  {
    "shop": "MAXIMA",
    "categories": [
      1,
      1001,
      1001008
    ],
    "productName": "Konjaks BACHE-GABRIELSEN AMER.OAK40%0,7L",
    "productPriceOld": null,
    "productPrice": {
      "value": 42.55,
      "unit": "€"
    },
    "productPricePerUnit": {
      "value": 60.79,
      "unit": "€/l"
    },
    "productPriceWithLoyaltyCard": null,
    "productPricePerUnitWithLoyaltyCard": null,
    "imageUrl": "https://cdn.barbora.lv/products/e59316dc-2ff2-4c37-945a-f53d9ab93517_s.png",
    "available": true,
    "discount": null
  },
  {
    "shop": "MAXIMA",
    "categories": [
      1,
      1001,
      1001008
    ],
    "productName": "Konjaks MAXIME TRIJOL VS EIFFEL 40% 0,5l",
    "productPriceOld": null,
    "productPrice": {
      "value": 30.55,
      "unit": "€"
    },
    "productPricePerUnit": {
      "value": 61.1,
      "unit": "€/l"
    },
    "productPriceWithLoyaltyCard": null,
    "productPricePerUnitWithLoyaltyCard": null,
    "imageUrl": "https://cdn.barbora.lv/products/1345b719-77bf-4a15-abdd-52246cb04609_s.png",
    "available": true,
    "discount": null
  },
  {
    "shop": "MAXIMA",
    "categories": [
      1,
      1001,
      1001008
    ],
    "productName": "Konjaks MAXIME TRIJOL VSOP 40% 0,7L GB",
    "productPriceOld": null,
    "productPrice": {
      "value": 42.92,
      "unit": "€"
    },
    "productPricePerUnit": {
      "value": 61.31,
      "unit": "€/l"
    },
    "productPriceWithLoyaltyCard": null,
    "productPricePerUnitWithLoyaltyCard": null,
    "imageUrl": "https://cdn.barbora.lv/products/66c9c897-5421-4e14-992b-b78af0b7224b_s.png",
    "available": true,
    "discount": null
  },
  {
    "shop": "RIMI",
    "categories": [
      1,
      1001,
      1001004
    ],
    "productName": "Šampanie. Taittinger Brut Reserve 12,5% 0,75l",
    "productPriceOld": null,
    "productPrice": {
      "value": 62.19,
      "unit": "€/gab"
    },
    "productPricePerUnit": {
      "value": 82.92,
      "unit": "€/l"
    },
    "productPriceWithLoyaltyCard": {
      "value": 45.99,
      "unit": "€"
    },
    "productPricePerUnitWithLoyaltyCard": {
      "value": 61.32,
      "unit": "€/l"
    },
    "imageUrl": "https://rimibaltic-res.cloudinary.com/image/upload/d_ecommerce:backend-fallback.png/MAT_102247_PCE_LV",
    "available": true,
    "discount": 26
  },
  {
    "shop": "RIMI",
    "categories": [
      1,
      1001,
      1001003
    ],
    "productName": "B.v. Pouilly Fuisse 13% 0,75l",
    "productPriceOld": null,
    "productPrice": {
      "value": 45.99,
      "unit": "€/gab"
    },
    "productPricePerUnit": {
      "value": 61.32,
      "unit": "€/l"
    },
    "productPriceWithLoyaltyCard": null,
    "productPricePerUnitWithLoyaltyCard": null,
    "imageUrl": "https://rimibaltic-res.cloudinary.com/image/upload/d_ecommerce:backend-fallback.png/MAT_458383_PCE_LV",
    "available": true,
    "discount": null
  },
  {
    "shop": "MAXIMA",
    "categories": [
      1,
      1001,
      1001009
    ],
    "productName": "Viskijs SINGLETON 12YO SM 40% 0,7L",
    "productPriceOld": null,
    "productPrice": {
      "value": 42.96,
      "unit": "€"
    },
    "productPricePerUnit": {
      "value": 61.37,
      "unit": "€/l"
    },
    "productPriceWithLoyaltyCard": null,
    "productPricePerUnitWithLoyaltyCard": null,
    "imageUrl": "https://cdn.barbora.lv/products/8d6725f6-c69d-48b9-8749-52ff1d602997_s.png",
    "available": true,
    "discount": null
  },
  {
    "shop": "RIMI",
    "categories": [
      1,
      1001,
      1001009
    ],
    "productName": "Viskijs Glen Moray 12yo Single Malt 40% 0,7l",
    "productPriceOld": null,
    "productPrice": {
      "value": 42.99,
      "unit": "€/gab"
    },
    "productPricePerUnit": {
      "value": 61.41,
      "unit": "€/l"
    },
    "productPriceWithLoyaltyCard": null,
    "productPricePerUnitWithLoyaltyCard": null,
    "imageUrl": "https://rimibaltic-res.cloudinary.com/image/upload/d_ecommerce:backend-fallback.png/MAT_7286709_PCE_LV",
    "available": true,
    "discount": null
  },
  {
    "shop": "RIMI",
    "categories": [
      1,
      1001,
      1001009
    ],
    "productName": "Viskijs Jack Daniels Single Barrel 45% 0,7l",
    "productPriceOld": null,
    "productPrice": {
      "value": 63.59,
      "unit": "€/gab"
    },
    "productPricePerUnit": {
      "value": 90.84,
      "unit": "€/l"
    },
    "productPriceWithLoyaltyCard": {
      "value": 42.99,
      "unit": "€"
    },
    "productPricePerUnitWithLoyaltyCard": {
      "value": 61.41,
      "unit": "€/l"
    },
    "imageUrl": "https://rimibaltic-res.cloudinary.com/image/upload/d_ecommerce:backend-fallback.png/MAT_117640_PCE_LV",
    "available": true,
    "discount": 32
  },
  {
    "shop": "RIMI",
    "categories": [
      1,
      1001,
      1001008
    ],
    "productName": "Konjaks Montifaud Prestige 1er Cru 40% 0,7l",
    "productPriceOld": null,
    "productPrice": {
      "value": 51.19,
      "unit": "€/gab"
    },
    "productPricePerUnit": {
      "value": 73.13,
      "unit": "€/l"
    },
    "productPriceWithLoyaltyCard": {
      "value": 42.99,
      "unit": "€"
    },
    "productPricePerUnitWithLoyaltyCard": {
      "value": 61.41,
      "unit": "€/l"
    },
    "imageUrl": "https://rimibaltic-res.cloudinary.com/image/upload/d_ecommerce:backend-fallback.png/MAT_7073978_PCE_LV",
    "available": true,
    "discount": 16
  },
  {
    "shop": "MAXIMA",
    "categories": [
      1,
      1001,
      10010010
    ],
    "productName": "Brendijs ARARAT Akhtamar10YO 40% 0,7L GB",
    "productPriceOld": null,
    "productPrice": {
      "value": 43.24,
      "unit": "€"
    },
    "productPricePerUnit": {
      "value": 61.77,
      "unit": "€/l"
    },
    "productPriceWithLoyaltyCard": null,
    "productPricePerUnitWithLoyaltyCard": null,
    "imageUrl": "https://cdn.barbora.lv/products/29c541c3-df6d-4dfc-9dd9-9a09c6184f1c_s.png",
    "available": true,
    "discount": null
  },
  {
    "shop": "MAXIMA",
    "categories": [
      1,
      1001,
      1001008
    ],
    "productName": "Konjaks JULES GAUTRET VS 40% 0,7L",
    "productPriceOld": null,
    "productPrice": {
      "value": 43.41,
      "unit": "€"
    },
    "productPricePerUnit": {
      "value": 62.01,
      "unit": "€/l"
    },
    "productPriceWithLoyaltyCard": null,
    "productPricePerUnitWithLoyaltyCard": null,
    "imageUrl": "https://cdn.barbora.lv/products/f696b08e-6e38-4e78-8a91-c535b72a696e_s.png",
    "available": true,
    "discount": null
  },
  {
    "shop": "MAXIMA",
    "categories": [
      1,
      1001,
      10010012
    ],
    "productName": "Džins HEDONYA London Green 43% 0,7L",
    "productPriceOld": null,
    "productPrice": {
      "value": 43.83,
      "unit": "€"
    },
    "productPricePerUnit": {
      "value": 62.61,
      "unit": "€/l"
    },
    "productPriceWithLoyaltyCard": null,
    "productPricePerUnitWithLoyaltyCard": null,
    "imageUrl": "https://cdn.barbora.lv/products/ce7be409-f5b2-4244-894f-25df815a44da_s.png",
    "available": true,
    "discount": null
  },
  {
    "shop": "MAXIMA",
    "categories": [
      1,
      1001,
      10010012
    ],
    "productName": "Džins HEDONYA London Blue 43% 0,7L",
    "productPriceOld": null,
    "productPrice": {
      "value": 43.83,
      "unit": "€"
    },
    "productPricePerUnit": {
      "value": 62.61,
      "unit": "€/l"
    },
    "productPriceWithLoyaltyCard": null,
    "productPricePerUnitWithLoyaltyCard": null,
    "imageUrl": "https://cdn.barbora.lv/products/549df591-776a-48a8-8c9f-e96957d237c2_s.png",
    "available": true,
    "discount": null
  },
  {
    "shop": "RIMI",
    "categories": [
      1,
      1001,
      1001007
    ],
    "productName": "Rums Don Papa 40% 0,7l kastē",
    "productPriceOld": null,
    "productPrice": {
      "value": 60.49,
      "unit": "€/gab"
    },
    "productPricePerUnit": {
      "value": 86.41,
      "unit": "€/l"
    },
    "productPriceWithLoyaltyCard": {
      "value": 43.99,
      "unit": "€"
    },
    "productPricePerUnitWithLoyaltyCard": {
      "value": 62.84,
      "unit": "€/l"
    },
    "imageUrl": "https://rimibaltic-res.cloudinary.com/image/upload/d_ecommerce:backend-fallback.png/MAT_7286765_PCE_LV",
    "available": true,
    "discount": 27
  },
  {
    "shop": "MAXIMA",
    "categories": [
      1,
      1001,
      1001009
    ],
    "productName": "Viskijs JAMESON BLACK BARREL 40% 0,7L",
    "productPriceOld": null,
    "productPrice": {
      "value": 44.49,
      "unit": "€"
    },
    "productPricePerUnit": {
      "value": 63.56,
      "unit": "€/l"
    },
    "productPriceWithLoyaltyCard": null,
    "productPricePerUnitWithLoyaltyCard": null,
    "imageUrl": "https://cdn.barbora.lv/products/2bd540c2-d5fa-49fe-8eb9-97e2534f66ae_s.png",
    "available": true,
    "discount": null
  },
  {
    "shop": "MAXIMA",
    "categories": [
      1,
      1001,
      1001009
    ],
    "productName": "Viskijs JURA Bourbon Cask 40% 0,7L GB",
    "productPriceOld": null,
    "productPrice": {
      "value": 44.67,
      "unit": "€"
    },
    "productPricePerUnit": {
      "value": 63.81,
      "unit": "€/l"
    },
    "productPriceWithLoyaltyCard": null,
    "productPricePerUnitWithLoyaltyCard": null,
    "imageUrl": "https://cdn.barbora.lv/products/4326d247-ab7f-436f-9711-07e19498b6f7_s.png",
    "available": true,
    "discount": null
  },
  {
    "shop": "RIMI",
    "categories": [
      1,
      1001,
      1001008
    ],
    "productName": "Konjaks Larsen VS 40% 0,5l",
    "productPriceOld": null,
    "productPrice": {
      "value": 31.99,
      "unit": "€/gab"
    },
    "productPricePerUnit": {
      "value": 63.98,
      "unit": "€/l"
    },
    "productPriceWithLoyaltyCard": null,
    "productPricePerUnitWithLoyaltyCard": null,
    "imageUrl": "https://rimibaltic-res.cloudinary.com/image/upload/d_ecommerce:backend-fallback.png/MAT_101732_PCE_LV",
    "available": true,
    "discount": null
  },
  {
    "shop": "RIMI",
    "categories": [
      1,
      1001,
      1001009
    ],
    "productName": "Viskijs Maker'S Mark  45% 0,7l",
    "productPriceOld": null,
    "productPrice": {
      "value": 44.99,
      "unit": "€/gab"
    },
    "productPricePerUnit": {
      "value": 64.27,
      "unit": "€/l"
    },
    "productPriceWithLoyaltyCard": null,
    "productPricePerUnitWithLoyaltyCard": null,
    "imageUrl": "https://rimibaltic-res.cloudinary.com/image/upload/d_ecommerce:backend-fallback.png/MAT_7027343_PCE_LV",
    "available": true,
    "discount": null
  },
  {
    "shop": "RIMI",
    "categories": [
      1,
      1001,
      10010012
    ],
    "productName": "Džins Roku 43% 0,7l",
    "productPriceOld": null,
    "productPrice": {
      "value": 44.99,
      "unit": "€/gab"
    },
    "productPricePerUnit": {
      "value": 64.27,
      "unit": "€/l"
    },
    "productPriceWithLoyaltyCard": null,
    "productPricePerUnitWithLoyaltyCard": null,
    "imageUrl": "https://rimibaltic-res.cloudinary.com/image/upload/d_ecommerce:backend-fallback.png/MAT_7239112_PCE_LV",
    "available": true,
    "discount": null
  },
  {
    "shop": "RIMI",
    "categories": [
      1,
      1001,
      1001008
    ],
    "productName": "Konjaks Chateau De Montifaud VSOP 40% 0,7l",
    "productPriceOld": null,
    "productPrice": {
      "value": 52.69,
      "unit": "€/gab"
    },
    "productPricePerUnit": {
      "value": 75.27,
      "unit": "€/l"
    },
    "productPriceWithLoyaltyCard": {
      "value": 44.99,
      "unit": "€"
    },
    "productPricePerUnitWithLoyaltyCard": {
      "value": 64.27,
      "unit": "€/l"
    },
    "imageUrl": "https://rimibaltic-res.cloudinary.com/image/upload/d_ecommerce:backend-fallback.png/MAT_458521_PCE_LV",
    "available": true,
    "discount": 15
  },
  {
    "shop": "RIMI",
    "categories": [
      1,
      1001,
      10010012
    ],
    "productName": "Džins Hendrick's Grand Cabare 43,4% 0,7l",
    "productPriceOld": null,
    "productPrice": {
      "value": 44.99,
      "unit": "€/gab"
    },
    "productPricePerUnit": {
      "value": 64.27,
      "unit": "€/l"
    },
    "productPriceWithLoyaltyCard": null,
    "productPricePerUnitWithLoyaltyCard": null,
    "imageUrl": "https://rimibaltic-res.cloudinary.com/image/upload/d_ecommerce:backend-fallback.png/MAT_7298153_PCE_LV",
    "available": true,
    "discount": null
  },
  {
    "shop": "MAXIMA",
    "categories": [
      1,
      1001,
      10010012
    ],
    "productName": "Džins TANQUERAY TEN 47,3% 0,7l",
    "productPriceOld": null,
    "productPrice": {
      "value": 44.99,
      "unit": "€"
    },
    "productPricePerUnit": {
      "value": 64.27,
      "unit": "€/l"
    },
    "productPriceWithLoyaltyCard": null,
    "productPricePerUnitWithLoyaltyCard": null,
    "imageUrl": "https://cdn.barbora.lv/products/c34ac9fa-56ea-4b69-82ed-70f8c8cdc185_s.png",
    "available": true,
    "discount": null
  },
  {
    "shop": "MAXIMA",
    "categories": [
      1,
      1001,
      10010012
    ],
    "productName": "Džins HENDRICK'S Flora Adora 43,4% 0,7L",
    "productPriceOld": null,
    "productPrice": {
      "value": 44.99,
      "unit": "€"
    },
    "productPricePerUnit": {
      "value": 64.27,
      "unit": "€/l"
    },
    "productPriceWithLoyaltyCard": null,
    "productPricePerUnitWithLoyaltyCard": null,
    "imageUrl": "https://cdn.barbora.lv/products/ebf7f932-7dcf-4580-a126-4dbc86d79f1d_s.png",
    "available": true,
    "discount": null
  },
  {
    "shop": "MAXIMA",
    "categories": [
      1,
      1001,
      10010012
    ],
    "productName": "Džins HENDRICK'S GrandCabaret 43,4% 0,7L",
    "productPriceOld": null,
    "productPrice": {
      "value": 44.99,
      "unit": "€"
    },
    "productPricePerUnit": {
      "value": 64.27,
      "unit": "€/l"
    },
    "productPriceWithLoyaltyCard": null,
    "productPricePerUnitWithLoyaltyCard": null,
    "imageUrl": "https://cdn.barbora.lv/products/75f20f82-fb31-41f0-8644-f6f1b6e9cec6_s.png",
    "available": true,
    "discount": null
  },
  {
    "shop": "RIMI",
    "categories": [
      1,
      1001,
      1001008
    ],
    "productName": "Konjaks Hennessy VS 40% 0,7l",
    "productPriceOld": null,
    "productPrice": {
      "value": 45.09,
      "unit": "€/gab"
    },
    "productPricePerUnit": {
      "value": 64.41,
      "unit": "€/l"
    },
    "productPriceWithLoyaltyCard": null,
    "productPricePerUnitWithLoyaltyCard": null,
    "imageUrl": "https://rimibaltic-res.cloudinary.com/image/upload/d_ecommerce:backend-fallback.png/MAT_689948_PCE_LV",
    "available": true,
    "discount": null
  },
  {
    "shop": "MAXIMA",
    "categories": [
      1,
      1001,
      1001007
    ],
    "productName": "Rums ANGOSTURA 1919 40% 0,7L tūb.",
    "productPriceOld": null,
    "productPrice": {
      "value": 45.18,
      "unit": "€"
    },
    "productPricePerUnit": {
      "value": 64.54,
      "unit": "€/l"
    },
    "productPriceWithLoyaltyCard": null,
    "productPricePerUnitWithLoyaltyCard": null,
    "imageUrl": "https://cdn.barbora.lv/products/8f7e7765-71e1-4146-a992-e5ec63143c34_s.png",
    "available": true,
    "discount": null
  },
  {
    "shop": "RIMI",
    "categories": [
      1,
      1001,
      1001003
    ],
    "productName": "B.v. Zantho Beerenauslese 9,5% 0,375l",
    "productPriceOld": null,
    "productPrice": {
      "value": 24.29,
      "unit": "€/gab"
    },
    "productPricePerUnit": {
      "value": 64.77,
      "unit": "€/l"
    },
    "productPriceWithLoyaltyCard": null,
    "productPricePerUnitWithLoyaltyCard": null,
    "imageUrl": "https://rimibaltic-res.cloudinary.com/image/upload/d_ecommerce:backend-fallback.png/MAT_7193744_PCE_LV",
    "available": true,
    "discount": null
  },
  {
    "shop": "RIMI",
    "categories": [
      1,
      1001,
      10010012
    ],
    "productName": "Džins Skagerrak Nordic dry 44,9% 0,5L",
    "productPriceOld": null,
    "productPrice": {
      "value": 32.39,
      "unit": "€/gab"
    },
    "productPricePerUnit": {
      "value": 64.78,
      "unit": "€/l"
    },
    "productPriceWithLoyaltyCard": null,
    "productPricePerUnitWithLoyaltyCard": null,
    "imageUrl": "https://rimibaltic-res.cloudinary.com/image/upload/d_ecommerce:backend-fallback.png/MAT_7277270_PCE_LV",
    "available": true,
    "discount": null
  },
  {
    "shop": "RIMI",
    "categories": [
      1,
      1001,
      10010012
    ],
    "productName": "Džins Skagerrak Nordic dry 44,9% 0,5L",
    "productPriceOld": null,
    "productPrice": {
      "value": 32.39,
      "unit": "€/gab"
    },
    "productPricePerUnit": {
      "value": 64.78,
      "unit": "€/l"
    },
    "productPriceWithLoyaltyCard": null,
    "productPricePerUnitWithLoyaltyCard": null,
    "imageUrl": "https://rimibaltic-res.cloudinary.com/image/upload/d_ecommerce:backend-fallback.png/MAT_7277270_PCE_LV",
    "available": true,
    "discount": null
  },
  {
    "shop": "MAXIMA",
    "categories": [
      1,
      1001,
      10010016
    ],
    "productName": "Degvīns BELVEDERE PURE VODKA 40% 0,7L",
    "productPriceOld": null,
    "productPrice": {
      "value": 45.36,
      "unit": "€"
    },
    "productPricePerUnit": {
      "value": 64.8,
      "unit": "€/l"
    },
    "productPriceWithLoyaltyCard": null,
    "productPricePerUnitWithLoyaltyCard": null,
    "imageUrl": "https://cdn.barbora.lv/products/33afe14b-0060-4cd7-9b87-54e1928725be_s.png",
    "available": true,
    "discount": null
  },
  {
    "shop": "MAXIMA",
    "categories": [
      1,
      1001,
      1001003
    ],
    "productName": "Vīns ZONIN Amorone Della Valpolicella 15,5% 0,75",
    "productPriceOld": null,
    "productPrice": {
      "value": 49.09,
      "unit": "€"
    },
    "productPricePerUnit": {
      "value": 65.45,
      "unit": "€/l"
    },
    "productPriceWithLoyaltyCard": null,
    "productPricePerUnitWithLoyaltyCard": null,
    "imageUrl": "https://cdn.barbora.lv/products/25b63cda-3c0a-453a-989f-e129666881c5_s.png",
    "available": true,
    "discount": null
  },
  {
    "shop": "RIMI",
    "categories": [
      1,
      1001,
      1001008
    ],
    "productName": "Konjaks Bache-Gabr. VSOP Tr. Cask 40 % 0,7l",
    "productPriceOld": null,
    "productPrice": {
      "value": 45.89,
      "unit": "€/gab"
    },
    "productPricePerUnit": {
      "value": 65.56,
      "unit": "€/l"
    },
    "productPriceWithLoyaltyCard": null,
    "productPricePerUnitWithLoyaltyCard": null,
    "imageUrl": "https://rimibaltic-res.cloudinary.com/image/upload/d_ecommerce:backend-fallback.png/MAT_7189786_PCE_LV",
    "available": true,
    "discount": null
  },
  {
    "shop": "RIMI",
    "categories": [
      1,
      1001,
      1001008
    ],
    "productName": "Konjaks Bache-Gabr. VSOP Tr. Cask 40 % 0,7l",
    "productPriceOld": null,
    "productPrice": {
      "value": 45.89,
      "unit": "€/gab"
    },
    "productPricePerUnit": {
      "value": 65.56,
      "unit": "€/l"
    },
    "productPriceWithLoyaltyCard": null,
    "productPricePerUnitWithLoyaltyCard": null,
    "imageUrl": "https://rimibaltic-res.cloudinary.com/image/upload/d_ecommerce:backend-fallback.png/MAT_7189786_PCE_LV",
    "available": true,
    "discount": null
  },
  {
    "shop": "RIMI",
    "categories": [
      1,
      1001,
      1001008
    ],
    "productName": "Konjaks De Luze VSOP 40% 0,7l",
    "productPriceOld": null,
    "productPrice": {
      "value": 45.95,
      "unit": "€/gab"
    },
    "productPricePerUnit": {
      "value": 65.64,
      "unit": "€/l"
    },
    "productPriceWithLoyaltyCard": null,
    "productPricePerUnitWithLoyaltyCard": null,
    "imageUrl": "https://rimibaltic-res.cloudinary.com/image/upload/d_ecommerce:backend-fallback.png/MAT_7303499_PCE_LV",
    "available": true,
    "discount": null
  },
  {
    "shop": "MAXIMA",
    "categories": [
      1,
      1001,
      1001008
    ],
    "productName": "Konjaks HENNESSY VS NBA 40% 0,7L",
    "productPriceOld": null,
    "productPrice": {
      "value": 45.99,
      "unit": "€"
    },
    "productPricePerUnit": {
      "value": 65.7,
      "unit": "€/l"
    },
    "productPriceWithLoyaltyCard": null,
    "productPricePerUnitWithLoyaltyCard": null,
    "imageUrl": "https://cdn.barbora.lv/products/d0ce1b0c-9bee-4a97-bbf9-5331b9cfc693_s.png",
    "available": true,
    "discount": null
  },
  {
    "shop": "RIMI",
    "categories": [
      1,
      1001,
      1001008
    ],
    "productName": "Konjaks Courvoisier VSOP dāv. kastē 40% 0,5l",
    "productPriceOld": null,
    "productPrice": {
      "value": 44.79,
      "unit": "€/gab"
    },
    "productPricePerUnit": {
      "value": 89.58,
      "unit": "€/l"
    },
    "productPriceWithLoyaltyCard": {
      "value": 32.99,
      "unit": "€"
    },
    "productPricePerUnitWithLoyaltyCard": {
      "value": 65.98,
      "unit": "€/l"
    },
    "imageUrl": "https://rimibaltic-res.cloudinary.com/image/upload/d_ecommerce:backend-fallback.png/MAT_7265817_PCE_LV",
    "available": true,
    "discount": 26
  },
  {
    "shop": "MAXIMA",
    "categories": [
      1,
      1001,
      1001008
    ],
    "productName": "Konjaks HENNESSY VS 40% 0,5L",
    "productPriceOld": null,
    "productPrice": {
      "value": 32.99,
      "unit": "€"
    },
    "productPricePerUnit": {
      "value": 65.98,
      "unit": "€/l"
    },
    "productPriceWithLoyaltyCard": null,
    "productPricePerUnitWithLoyaltyCard": null,
    "imageUrl": "https://cdn.barbora.lv/products/99bd7a37-36e5-4e33-9933-6aceaebcfe74_s.png",
    "available": true,
    "discount": null
  },
  {
    "shop": "MAXIMA",
    "categories": [
      1,
      1001,
      1001008
    ],
    "productName": "Konjaks CHATEAU MONTIFAUD VS 40% 0,5L GB",
    "productPriceOld": {
      "value": 38.11,
      "unit": "€"
    },
    "productPrice": {
      "value": 32.99,
      "unit": "€"
    },
    "productPricePerUnit": {
      "value": 65.98,
      "unit": "€/l"
    },
    "productPriceWithLoyaltyCard": null,
    "productPricePerUnitWithLoyaltyCard": null,
    "imageUrl": "https://cdn.barbora.lv/products/b166b1e8-2461-4d7b-a3f0-d342103f497c_s.png",
    "available": true,
    "discount": 13
  },
  {
    "shop": "MAXIMA",
    "categories": [
      1,
      1001,
      1001009
    ],
    "productName": "Viskijs BULLEIT BOURBON 45% 0,7l",
    "productPriceOld": null,
    "productPrice": {
      "value": 46.49,
      "unit": "€"
    },
    "productPricePerUnit": {
      "value": 66.41,
      "unit": "€/l"
    },
    "productPriceWithLoyaltyCard": null,
    "productPricePerUnitWithLoyaltyCard": null,
    "imageUrl": "https://cdn.barbora.lv/products/3d36f8a1-3c77-433c-bd48-d12f50b9e4d7_s.png",
    "available": true,
    "discount": null
  },
  {
    "shop": "RIMI",
    "categories": [
      1,
      1001,
      1001009
    ],
    "productName": "Viskijs Singleton Malt 12YO 40% 0,7l",
    "productPriceOld": null,
    "productPrice": {
      "value": 46.55,
      "unit": "€/gab"
    },
    "productPricePerUnit": {
      "value": 66.5,
      "unit": "€/l"
    },
    "productPriceWithLoyaltyCard": null,
    "productPricePerUnitWithLoyaltyCard": null,
    "imageUrl": "https://rimibaltic-res.cloudinary.com/image/upload/d_ecommerce:backend-fallback.png/MAT_7062645_PCE_LV",
    "available": true,
    "discount": null
  },
  {
    "shop": "MAXIMA",
    "categories": [
      1,
      1001,
      1001008
    ],
    "productName": "Konjaks HENNESSY VS 40% 0,2l",
    "productPriceOld": null,
    "productPrice": {
      "value": 13.32,
      "unit": "€"
    },
    "productPricePerUnit": {
      "value": 66.6,
      "unit": "€/l"
    },
    "productPriceWithLoyaltyCard": null,
    "productPricePerUnitWithLoyaltyCard": null,
    "imageUrl": "https://cdn.barbora.lv/products/0ccf4c6d-f2fc-4cea-aff2-6e36eefd4a46_s.png",
    "available": true,
    "discount": null
  },
  {
    "shop": "MAXIMA",
    "categories": [
      1,
      1001,
      1001004
    ],
    "productName": "Šamp.MUMM Ice Extra Demi Sec 12,5% 0,75L",
    "productPriceOld": null,
    "productPrice": {
      "value": 50.09,
      "unit": "€"
    },
    "productPricePerUnit": {
      "value": 66.79,
      "unit": "€/l"
    },
    "productPriceWithLoyaltyCard": null,
    "productPricePerUnitWithLoyaltyCard": null,
    "imageUrl": "https://cdn.barbora.lv/products/848405a2-eefc-48a1-8f4a-2a0dda4e6e36_s.png",
    "available": true,
    "discount": null
  },
  {
    "shop": "MAXIMA",
    "categories": [
      1,
      1001,
      1001007
    ],
    "productName": "Rums DICTADOR 20YO 40% 0,7L karbā",
    "productPriceOld": {
      "value": 71.78,
      "unit": "€"
    },
    "productPrice": {
      "value": 71.78,
      "unit": "€"
    },
    "productPricePerUnit": {
      "value": 102.54,
      "unit": "€/l"
    },
    "productPriceWithLoyaltyCard": {
      "value": 46.99,
      "unit": "€"
    },
    "productPricePerUnitWithLoyaltyCard": {
      "value": 67.13,
      "unit": "€/l"
    },
    "imageUrl": "https://cdn.barbora.lv/products/5b8e72a8-c305-42af-b55d-2894a8da1631_s.png",
    "available": true,
    "discount": 35
  },
  {
    "shop": "MAXIMA",
    "categories": [
      1,
      1001,
      1001008
    ],
    "productName": "Konjaks LARSEN VSOP 40% 0,35L",
    "productPriceOld": null,
    "productPrice": {
      "value": 23.55,
      "unit": "€"
    },
    "productPricePerUnit": {
      "value": 67.29,
      "unit": "€/l"
    },
    "productPriceWithLoyaltyCard": null,
    "productPricePerUnitWithLoyaltyCard": null,
    "imageUrl": "https://cdn.barbora.lv/products/66535875-c024-40e4-a495-6be56b17ad1f_s.png",
    "available": true,
    "discount": null
  },
  {
    "shop": "MAXIMA",
    "categories": [
      1,
      1001,
      1001008
    ],
    "productName": "Konjaks MEUKOW VS 40% 0,7L GB",
    "productPriceOld": null,
    "productPrice": {
      "value": 47.15,
      "unit": "€"
    },
    "productPricePerUnit": {
      "value": 67.36,
      "unit": "€/l"
    },
    "productPriceWithLoyaltyCard": null,
    "productPricePerUnitWithLoyaltyCard": null,
    "imageUrl": "https://cdn.barbora.lv/products/d0645aab-ecf3-447b-a4c3-24c43df13819_s.png",
    "available": true,
    "discount": null
  },
  {
    "shop": "MAXIMA",
    "categories": [
      1,
      1001,
      1001009
    ],
    "productName": "Viskijs AULTMORE 12YO SM 46% 0,7L GB",
    "productPriceOld": {
      "value": 72.05,
      "unit": "€"
    },
    "productPrice": {
      "value": 72.05,
      "unit": "€"
    },
    "productPricePerUnit": {
      "value": 102.93,
      "unit": "€/l"
    },
    "productPriceWithLoyaltyCard": {
      "value": 47.99,
      "unit": "€"
    },
    "productPricePerUnitWithLoyaltyCard": {
      "value": 68.56,
      "unit": "€/l"
    },
    "imageUrl": "https://cdn.barbora.lv/products/6bd295b7-3e3a-496f-a192-9488a3c48848_s.png",
    "available": true,
    "discount": 33
  },
  {
    "shop": "MAXIMA",
    "categories": [
      1,
      1001,
      10010016
    ],
    "productName": "Degvīns ABSOLUT ELYX 42.3% 0,7L",
    "productPriceOld": null,
    "productPrice": {
      "value": 48.27,
      "unit": "€"
    },
    "productPricePerUnit": {
      "value": 68.96,
      "unit": "€/l"
    },
    "productPriceWithLoyaltyCard": null,
    "productPricePerUnitWithLoyaltyCard": null,
    "imageUrl": "https://cdn.barbora.lv/products/7f3803bd-fe00-487d-b9fc-b0a4c5208264_s.png",
    "available": true,
    "discount": null
  },
  {
    "shop": "MAXIMA",
    "categories": [
      1,
      1001,
      1001008
    ],
    "productName": "Konjaks GAUTIER VSOP 40% 0,7L GB",
    "productPriceOld": null,
    "productPrice": {
      "value": 48.29,
      "unit": "€"
    },
    "productPricePerUnit": {
      "value": 68.99,
      "unit": "€/l"
    },
    "productPriceWithLoyaltyCard": null,
    "productPricePerUnitWithLoyaltyCard": null,
    "imageUrl": "https://cdn.barbora.lv/products/752b7374-1dd7-48ae-b18e-f2c275ef4068_s.png",
    "available": true,
    "discount": null
  },
  {
    "shop": "MAXIMA",
    "categories": [
      1,
      1001,
      1001008
    ],
    "productName": "Konjaks PLANAT VSOP 40% 0,7L GB",
    "productPriceOld": null,
    "productPrice": {
      "value": 48.43,
      "unit": "€"
    },
    "productPricePerUnit": {
      "value": 69.19,
      "unit": "€/l"
    },
    "productPriceWithLoyaltyCard": null,
    "productPricePerUnitWithLoyaltyCard": null,
    "imageUrl": "https://cdn.barbora.lv/products/1765dd14-2dce-465d-aa7d-7d8bb941429d_s.png",
    "available": true,
    "discount": null
  },
  {
    "shop": "MAXIMA",
    "categories": [
      1,
      1001,
      1001009
    ],
    "productName": "Viskijs J.WALKER BLACK LABEL 40% 0,7l",
    "productPriceOld": null,
    "productPrice": {
      "value": 48.56,
      "unit": "€"
    },
    "productPricePerUnit": {
      "value": 69.37,
      "unit": "€/l"
    },
    "productPriceWithLoyaltyCard": null,
    "productPricePerUnitWithLoyaltyCard": null,
    "imageUrl": "https://cdn.barbora.lv/products/cc0ebfab-3d69-4260-82a3-a0fe8c1fd798_s.png",
    "available": true,
    "discount": null
  },
  {
    "shop": "RIMI",
    "categories": [
      1,
      1001,
      1001008
    ],
    "productName": "Konjaks Hennessy VS 40% 0,35l",
    "productPriceOld": null,
    "productPrice": {
      "value": 24.49,
      "unit": "€/gab"
    },
    "productPricePerUnit": {
      "value": 69.97,
      "unit": "€/l"
    },
    "productPriceWithLoyaltyCard": null,
    "productPricePerUnitWithLoyaltyCard": null,
    "imageUrl": "https://rimibaltic-res.cloudinary.com/image/upload/d_ecommerce:backend-fallback.png/MAT_102024_PCE_LV",
    "available": true,
    "discount": null
  },
  {
    "shop": "MAXIMA",
    "categories": [
      1,
      1001,
      1001009
    ],
    "productName": "Viskijs NIKKA FROM THE BARREL 51,4% 0,5l",
    "productPriceOld": {
      "value": 53.87,
      "unit": "€"
    },
    "productPrice": {
      "value": 53.87,
      "unit": "€"
    },
    "productPricePerUnit": {
      "value": 107.74,
      "unit": "€/l"
    },
    "productPriceWithLoyaltyCard": {
      "value": 34.99,
      "unit": "€"
    },
    "productPricePerUnitWithLoyaltyCard": {
      "value": 69.98,
      "unit": "€/l"
    },
    "imageUrl": "https://cdn.barbora.lv/products/7ff36245-dfff-42f2-8d8b-08e68b9f7951_s.png",
    "available": true,
    "discount": 35
  },
  {
    "shop": "RIMI",
    "categories": [
      1,
      1001,
      1001008
    ],
    "productName": "Konjaks Gautier VSOP 40% 0,7l",
    "productPriceOld": null,
    "productPrice": {
      "value": 48.99,
      "unit": "€/gab"
    },
    "productPricePerUnit": {
      "value": 69.99,
      "unit": "€/l"
    },
    "productPriceWithLoyaltyCard": null,
    "productPricePerUnitWithLoyaltyCard": null,
    "imageUrl": "https://rimibaltic-res.cloudinary.com/image/upload/d_ecommerce:backend-fallback.png/MAT_691305_PCE_LV",
    "available": true,
    "discount": null
  },
  {
    "shop": "RIMI",
    "categories": [
      1,
      1001,
      1001007
    ],
    "productName": "Rums Diplomatico Reserva Exclusiva 40% 0,7l",
    "productPriceOld": null,
    "productPrice": {
      "value": 49.45,
      "unit": "€/gab"
    },
    "productPricePerUnit": {
      "value": 70.64,
      "unit": "€/l"
    },
    "productPriceWithLoyaltyCard": null,
    "productPricePerUnitWithLoyaltyCard": null,
    "imageUrl": "https://rimibaltic-res.cloudinary.com/image/upload/d_ecommerce:backend-fallback.png/MAT_7113076_PCE_LV",
    "available": true,
    "discount": null
  },
  {
    "shop": "RIMI",
    "categories": [
      1,
      1001,
      1001007
    ],
    "productName": "Rums Diplomatico Reserva Excl. 40% 0,7l",
    "productPriceOld": null,
    "productPrice": {
      "value": 49.45,
      "unit": "€/gab"
    },
    "productPricePerUnit": {
      "value": 70.64,
      "unit": "€/l"
    },
    "productPriceWithLoyaltyCard": null,
    "productPricePerUnitWithLoyaltyCard": null,
    "imageUrl": "https://rimibaltic-res.cloudinary.com/image/upload/d_ecommerce:backend-fallback.png/MAT_7298383_PCE_LV",
    "available": true,
    "discount": null
  },
  {
    "shop": "MAXIMA",
    "categories": [
      1,
      1001,
      1001008
    ],
    "productName": "Konjaks LARSEN VS 40% 0,35L",
    "productPriceOld": null,
    "productPrice": {
      "value": 24.95,
      "unit": "€"
    },
    "productPricePerUnit": {
      "value": 71.29,
      "unit": "€/l"
    },
    "productPriceWithLoyaltyCard": null,
    "productPricePerUnitWithLoyaltyCard": null,
    "imageUrl": "https://cdn.barbora.lv/products/d52e5dbb-b3cb-4215-a01b-7a1220af26cb_s.png",
    "available": true,
    "discount": null
  },
  {
    "shop": "MAXIMA",
    "categories": [
      1,
      1001,
      1001009
    ],
    "productName": "Viskijs GLENMORANGIE Orig.kastē 40%0,7L",
    "productPriceOld": null,
    "productPrice": {
      "value": 50.46,
      "unit": "€"
    },
    "productPricePerUnit": {
      "value": 72.09,
      "unit": "€/l"
    },
    "productPriceWithLoyaltyCard": null,
    "productPricePerUnitWithLoyaltyCard": null,
    "imageUrl": "https://cdn.barbora.lv/products/4220e891-0c43-4f16-be27-52aad743b1bc_s.png",
    "available": true,
    "discount": null
  },
  {
    "shop": "MAXIMA",
    "categories": [
      1,
      1001,
      1001007
    ],
    "productName": "Rums DON PAPA Baroko 40% 0,7L",
    "productPriceOld": null,
    "productPrice": {
      "value": 50.46,
      "unit": "€"
    },
    "productPricePerUnit": {
      "value": 72.09,
      "unit": "€/l"
    },
    "productPriceWithLoyaltyCard": null,
    "productPricePerUnitWithLoyaltyCard": null,
    "imageUrl": "https://cdn.barbora.lv/products/846c2234-bb97-4239-b78c-67f795bdb19c_s.png",
    "available": true,
    "discount": null
  },
  {
    "shop": "RIMI",
    "categories": [
      1,
      1001,
      1001007
    ],
    "productName": "Rums Flor de Cana 12yo 40% 0,7l",
    "productPriceOld": null,
    "productPrice": {
      "value": 50.49,
      "unit": "€/gab"
    },
    "productPricePerUnit": {
      "value": 72.13,
      "unit": "€/l"
    },
    "productPriceWithLoyaltyCard": null,
    "productPricePerUnitWithLoyaltyCard": null,
    "imageUrl": "https://rimibaltic-res.cloudinary.com/image/upload/d_ecommerce:backend-fallback.png/MAT_7286665_PCE_LV",
    "available": true,
    "discount": null
  },
  {
    "shop": "MAXIMA",
    "categories": [
      1,
      1001,
      1001008
    ],
    "productName": "Konjaks MARTELL VS 40% 0,35l",
    "productPriceOld": null,
    "productPrice": {
      "value": 25.29,
      "unit": "€"
    },
    "productPricePerUnit": {
      "value": 72.26,
      "unit": "€/l"
    },
    "productPriceWithLoyaltyCard": null,
    "productPricePerUnitWithLoyaltyCard": null,
    "imageUrl": "https://cdn.barbora.lv/products/fc9e2a87-b8cb-488e-83a4-55366b97c704_s.png",
    "available": true,
    "discount": null
  },
  {
    "shop": "MAXIMA",
    "categories": [
      1,
      1001,
      1001009
    ],
    "productName": "Viskijs MAKER'S MARK 45% 0,7l",
    "productPriceOld": null,
    "productPrice": {
      "value": 50.7,
      "unit": "€"
    },
    "productPricePerUnit": {
      "value": 72.43,
      "unit": "€/l"
    },
    "productPriceWithLoyaltyCard": null,
    "productPricePerUnitWithLoyaltyCard": null,
    "imageUrl": "https://cdn.barbora.lv/products/40f70b81-e47e-4c49-b940-276a5a7b0ec0_s.png",
    "available": true,
    "discount": null
  },
  {
    "shop": "MAXIMA",
    "categories": [
      1,
      1001,
      1001009
    ],
    "productName": "Viskijs BALVENIE 12YO D.WOOD 40% 0,7l",
    "productPriceOld": {
      "value": 84.65,
      "unit": "€"
    },
    "productPrice": {
      "value": 84.65,
      "unit": "€"
    },
    "productPricePerUnit": {
      "value": 120.93,
      "unit": "€/l"
    },
    "productPriceWithLoyaltyCard": {
      "value": 50.99,
      "unit": "€"
    },
    "productPricePerUnitWithLoyaltyCard": {
      "value": 72.84,
      "unit": "€/l"
    },
    "imageUrl": "https://cdn.barbora.lv/products/13487ea1-aa21-47de-96da-cf3e26337777_s.png",
    "available": true,
    "discount": 40
  },
  {
    "shop": "MAXIMA",
    "categories": [
      1,
      1001,
      1001007
    ],
    "productName": "Rums DON PAPA Masskara 40% 0,7L",
    "productPriceOld": null,
    "productPrice": {
      "value": 50.99,
      "unit": "€"
    },
    "productPricePerUnit": {
      "value": 72.84,
      "unit": "€/l"
    },
    "productPriceWithLoyaltyCard": null,
    "productPricePerUnitWithLoyaltyCard": null,
    "imageUrl": "https://cdn.barbora.lv/products/47847ffa-e8fa-4770-8674-055a57e706d6_s.png",
    "available": true,
    "discount": null
  },
  {
    "shop": "MAXIMA",
    "categories": [
      1,
      1001,
      1001009
    ],
    "productName": "Viskijs CHIVAS REGAL Extra 13YO 40% 0,7L",
    "productPriceOld": null,
    "productPrice": {
      "value": 51.31,
      "unit": "€"
    },
    "productPricePerUnit": {
      "value": 73.3,
      "unit": "€/l"
    },
    "productPriceWithLoyaltyCard": null,
    "productPricePerUnitWithLoyaltyCard": null,
    "imageUrl": "https://cdn.barbora.lv/products/ce9c5cbe-cd75-4612-8f15-25055c79c395_s.png",
    "available": true,
    "discount": null
  },
  {
    "shop": "MAXIMA",
    "categories": [
      1,
      1001,
      1001004
    ],
    "productName": "Šampanietis MUMM Cordon Rouge 12,5%0,75L",
    "productPriceOld": null,
    "productPrice": {
      "value": 54.99,
      "unit": "€"
    },
    "productPricePerUnit": {
      "value": 73.32,
      "unit": "€/l"
    },
    "productPriceWithLoyaltyCard": null,
    "productPricePerUnitWithLoyaltyCard": null,
    "imageUrl": "https://cdn.barbora.lv/products/d4c8dd41-dfbd-416e-82de-443ebfbf3fc9_s.png",
    "available": true,
    "discount": null
  },
  {
    "shop": "RIMI",
    "categories": [
      1,
      1001,
      1001009
    ],
    "productName": "Viskijs Chivas Extra 40% 0,7L",
    "productPriceOld": null,
    "productPrice": {
      "value": 51.49,
      "unit": "€/gab"
    },
    "productPricePerUnit": {
      "value": 73.56,
      "unit": "€/l"
    },
    "productPriceWithLoyaltyCard": null,
    "productPricePerUnitWithLoyaltyCard": null,
    "imageUrl": "https://rimibaltic-res.cloudinary.com/image/upload/d_ecommerce:backend-fallback.png/MAT_7112423_PCE_LV",
    "available": true,
    "discount": null
  },
  {
    "shop": "MAXIMA",
    "categories": [
      1,
      1001,
      1001004
    ],
    "productName": "Šamp.VEUVE CLICQUOT Pon.Brut 12% 0,75L",
    "productPriceOld": null,
    "productPrice": {
      "value": 55.19,
      "unit": "€"
    },
    "productPricePerUnit": {
      "value": 73.59,
      "unit": "€/l"
    },
    "productPriceWithLoyaltyCard": null,
    "productPricePerUnitWithLoyaltyCard": null,
    "imageUrl": "https://cdn.barbora.lv/products/7e1648fc-cb49-4e48-b65e-5c21277404e2_s.png",
    "available": true,
    "discount": null
  },
  {
    "shop": "MAXIMA",
    "categories": [
      1,
      1001,
      10010012
    ],
    "productName": "Džins 135° EASTER HYOGO DRY 42% 0,7L",
    "productPriceOld": null,
    "productPrice": {
      "value": 51.51,
      "unit": "€"
    },
    "productPricePerUnit": {
      "value": 73.59,
      "unit": "€/l"
    },
    "productPriceWithLoyaltyCard": null,
    "productPricePerUnitWithLoyaltyCard": null,
    "imageUrl": "https://cdn.barbora.lv/products/0d85f370-0d82-4c3e-95c2-ae35477da23d_s.png",
    "available": true,
    "discount": null
  },
  {
    "shop": "RIMI",
    "categories": [
      1,
      1001,
      1001008
    ],
    "productName": "Konjaks Larsen VSOP 40% 0,5l",
    "productPriceOld": null,
    "productPrice": {
      "value": 36.99,
      "unit": "€/gab"
    },
    "productPricePerUnit": {
      "value": 73.98,
      "unit": "€/l"
    },
    "productPriceWithLoyaltyCard": null,
    "productPricePerUnitWithLoyaltyCard": null,
    "imageUrl": "https://rimibaltic-res.cloudinary.com/image/upload/d_ecommerce:backend-fallback.png/MAT_101730_PCE_LV",
    "available": true,
    "discount": null
  },
  {
    "shop": "MAXIMA",
    "categories": [
      1,
      1001,
      1001008
    ],
    "productName": "Konjaks MARTELL VSOP 40% 0,7l",
    "productPriceOld": null,
    "productPrice": {
      "value": 52.18,
      "unit": "€"
    },
    "productPricePerUnit": {
      "value": 74.54,
      "unit": "€/l"
    },
    "productPriceWithLoyaltyCard": null,
    "productPricePerUnitWithLoyaltyCard": null,
    "imageUrl": "https://cdn.barbora.lv/products/9b218e47-06f7-47b2-b64e-ce809e947777_s.png",
    "available": true,
    "discount": null
  },
  {
    "shop": "RIMI",
    "categories": [
      1,
      1001,
      1001004
    ],
    "productName": "Šamp.V.Clicqout Pons.Brut Box 12% 0,75l",
    "productPriceOld": null,
    "productPrice": {
      "value": 66.35,
      "unit": "€/gab"
    },
    "productPricePerUnit": {
      "value": 88.47,
      "unit": "€/l"
    },
    "productPriceWithLoyaltyCard": {
      "value": 55.99,
      "unit": "€"
    },
    "productPricePerUnitWithLoyaltyCard": {
      "value": 74.65,
      "unit": "€/l"
    },
    "imageUrl": "https://rimibaltic-res.cloudinary.com/image/upload/d_ecommerce:backend-fallback.png/MAT_458317_PCE_LV",
    "available": true,
    "discount": 16
  },
  {
    "shop": "MAXIMA",
    "categories": [
      1,
      1001,
      1001004
    ],
    "productName": "Šamp.MUMM Cordon Rouge kastē 12,5% 0,75L",
    "productPriceOld": null,
    "productPrice": {
      "value": 56.19,
      "unit": "€"
    },
    "productPricePerUnit": {
      "value": 74.92,
      "unit": "€/l"
    },
    "productPriceWithLoyaltyCard": null,
    "productPricePerUnitWithLoyaltyCard": null,
    "imageUrl": "https://cdn.barbora.lv/products/23e9526c-506d-477d-aa6a-06a0608c4f74_s.png",
    "available": true,
    "discount": null
  },
  {
    "shop": "RIMI",
    "categories": [
      1,
      1001,
      1001009
    ],
    "productName": "Viskijs Glenfiddich Single Malt 12YO 40% 0,5l",
    "productPriceOld": null,
    "productPrice": {
      "value": 37.59,
      "unit": "€/gab"
    },
    "productPricePerUnit": {
      "value": 75.18,
      "unit": "€/l"
    },
    "productPriceWithLoyaltyCard": null,
    "productPricePerUnitWithLoyaltyCard": null,
    "imageUrl": "https://rimibaltic-res.cloudinary.com/image/upload/d_ecommerce:backend-fallback.png/MAT_102256_PCE_LV",
    "available": true,
    "discount": null
  },
  {
    "shop": "MAXIMA",
    "categories": [
      1,
      1001,
      1001008
    ],
    "productName": "Konjaks JULES GAUTRET VSOP 40% 0,7l",
    "productPriceOld": null,
    "productPrice": {
      "value": 52.83,
      "unit": "€"
    },
    "productPricePerUnit": {
      "value": 75.47,
      "unit": "€/l"
    },
    "productPriceWithLoyaltyCard": null,
    "productPricePerUnitWithLoyaltyCard": null,
    "imageUrl": "https://cdn.barbora.lv/products/42c3a121-67ca-4338-b517-b1ec80f91a84_s.png",
    "available": true,
    "discount": null
  },
  {
    "shop": "RIMI",
    "categories": [
      1,
      1001,
      10010016
    ],
    "productName": "Degvīns Grey Goose original 40% 1L",
    "productPriceOld": null,
    "productPrice": {
      "value": 75.65,
      "unit": "€/gab"
    },
    "productPricePerUnit": {
      "value": 75.65,
      "unit": "€/l"
    },
    "productPriceWithLoyaltyCard": null,
    "productPricePerUnitWithLoyaltyCard": null,
    "imageUrl": "https://rimibaltic-res.cloudinary.com/image/upload/d_ecommerce:backend-fallback.png/MAT_727918_PCE_LV",
    "available": true,
    "discount": null
  },
  {
    "shop": "MAXIMA",
    "categories": [
      1,
      1001,
      1001008
    ],
    "productName": "Konjaks COURVOISIER VS 40% 0,7L",
    "productPriceOld": null,
    "productPrice": {
      "value": 52.99,
      "unit": "€"
    },
    "productPricePerUnit": {
      "value": 75.7,
      "unit": "€/l"
    },
    "productPriceWithLoyaltyCard": null,
    "productPricePerUnitWithLoyaltyCard": null,
    "imageUrl": "https://cdn.barbora.lv/products/d0fb6d4c-f946-4804-89e4-34454781c038_s.png",
    "available": true,
    "discount": null
  },
  {
    "shop": "RIMI",
    "categories": [
      1,
      1001,
      1001008
    ],
    "productName": "Konjaks Courvoisier VS 40% 0,35l",
    "productPriceOld": null,
    "productPrice": {
      "value": 26.99,
      "unit": "€/gab"
    },
    "productPricePerUnit": {
      "value": 77.11,
      "unit": "€/l"
    },
    "productPriceWithLoyaltyCard": null,
    "productPricePerUnitWithLoyaltyCard": null,
    "imageUrl": "https://rimibaltic-res.cloudinary.com/image/upload/d_ecommerce:backend-fallback.png/MAT_727919_PCE_LV",
    "available": true,
    "discount": null
  },
  {
    "shop": "RIMI",
    "categories": [
      1,
      1001,
      1001004
    ],
    "productName": "Šamp. Moët & Chandon Rose 12,5% 0,75l",
    "productPriceOld": null,
    "productPrice": {
      "value": 67.29,
      "unit": "€/gab"
    },
    "productPricePerUnit": {
      "value": 89.72,
      "unit": "€/l"
    },
    "productPriceWithLoyaltyCard": {
      "value": 57.99,
      "unit": "€"
    },
    "productPricePerUnitWithLoyaltyCard": {
      "value": 77.32,
      "unit": "€/l"
    },
    "imageUrl": "https://rimibaltic-res.cloudinary.com/image/upload/d_ecommerce:backend-fallback.png/MAT_550508_PCE_LV",
    "available": true,
    "discount": 14
  },
  {
    "shop": "MAXIMA",
    "categories": [
      1,
      1001,
      1001004
    ],
    "productName": "Šampanietis PIPER HEIDSIECK 12% 0,75L",
    "productPriceOld": null,
    "productPrice": {
      "value": 57.99,
      "unit": "€"
    },
    "productPricePerUnit": {
      "value": 77.32,
      "unit": "€/l"
    },
    "productPriceWithLoyaltyCard": null,
    "productPricePerUnitWithLoyaltyCard": null,
    "imageUrl": "https://cdn.barbora.lv/products/11c332cf-36b9-4d53-9894-e4c3d0901747_s.png",
    "available": true,
    "discount": null
  },
  {
    "shop": "MAXIMA",
    "categories": [
      1,
      1001,
      1001004
    ],
    "productName": "Šampanietis PIPER HEIDSIECK Brut kastē 12%0,75L",
    "productPriceOld": null,
    "productPrice": {
      "value": 58.29,
      "unit": "€"
    },
    "productPricePerUnit": {
      "value": 77.72,
      "unit": "€/l"
    },
    "productPriceWithLoyaltyCard": null,
    "productPricePerUnitWithLoyaltyCard": null,
    "imageUrl": "https://cdn.barbora.lv/products/1d8b75c2-ad09-4c29-8537-390366935b7e_s.png",
    "available": true,
    "discount": null
  },
  {
    "shop": "MAXIMA",
    "categories": [
      1,
      1001,
      1001008
    ],
    "productName": "Konjaks MEUKOW 90Proof 45% 0,7L GB",
    "productPriceOld": null,
    "productPrice": {
      "value": 55.23,
      "unit": "€"
    },
    "productPricePerUnit": {
      "value": 78.9,
      "unit": "€/l"
    },
    "productPriceWithLoyaltyCard": null,
    "productPricePerUnitWithLoyaltyCard": null,
    "imageUrl": "https://cdn.barbora.lv/products/0dc03d2e-bffe-458b-b37d-a4f314d338bf_s.png",
    "available": true,
    "discount": null
  },
  {
    "shop": "RIMI",
    "categories": [
      1,
      1001,
      1001008
    ],
    "productName": "Konjaks Meukow VSOP Soft Box 40% 0,7l",
    "productPriceOld": null,
    "productPrice": {
      "value": 55.59,
      "unit": "€/gab"
    },
    "productPricePerUnit": {
      "value": 79.41,
      "unit": "€/l"
    },
    "productPriceWithLoyaltyCard": null,
    "productPricePerUnitWithLoyaltyCard": null,
    "imageUrl": "https://rimibaltic-res.cloudinary.com/image/upload/d_ecommerce:backend-fallback.png/MAT_7058865_PCE_LV",
    "available": true,
    "discount": null
  },
  {
    "shop": "MAXIMA",
    "categories": [
      1,
      1001,
      1001008
    ],
    "productName": "Konjaks CH.DE MONTIFAUD VSOP 40% 0,5L GB",
    "productPriceOld": {
      "value": 49.01,
      "unit": "€"
    },
    "productPrice": {
      "value": 39.99,
      "unit": "€"
    },
    "productPricePerUnit": {
      "value": 79.98,
      "unit": "€/l"
    },
    "productPriceWithLoyaltyCard": null,
    "productPricePerUnitWithLoyaltyCard": null,
    "imageUrl": "https://cdn.barbora.lv/products/78710b8e-b7f6-4a2c-8465-7c3096683a01_s.png",
    "available": true,
    "discount": 18
  },
  {
    "shop": "RIMI",
    "categories": [
      1,
      1001,
      1001009
    ],
    "productName": "Viskijs Talisker Malt 10YO 45,8% 0,7l",
    "productPriceOld": null,
    "productPrice": {
      "value": 80.75,
      "unit": "€/gab"
    },
    "productPricePerUnit": {
      "value": 115.36,
      "unit": "€/l"
    },
    "productPriceWithLoyaltyCard": {
      "value": 55.99,
      "unit": "€"
    },
    "productPricePerUnitWithLoyaltyCard": {
      "value": 79.99,
      "unit": "€/l"
    },
    "imageUrl": "https://rimibaltic-res.cloudinary.com/image/upload/d_ecommerce:backend-fallback.png/MAT_7061899_PCE_LV",
    "available": true,
    "discount": 31
  },
  {
    "shop": "RIMI",
    "categories": [
      1,
      1001,
      1001008
    ],
    "productName": "Konjaks Hennessy VSOP 40% 0,7l",
    "productPriceOld": null,
    "productPrice": {
      "value": 70.39,
      "unit": "€/gab"
    },
    "productPricePerUnit": {
      "value": 100.56,
      "unit": "€/l"
    },
    "productPriceWithLoyaltyCard": {
      "value": 55.99,
      "unit": "€"
    },
    "productPricePerUnitWithLoyaltyCard": {
      "value": 79.99,
      "unit": "€/l"
    },
    "imageUrl": "https://rimibaltic-res.cloudinary.com/image/upload/d_ecommerce:backend-fallback.png/MAT_101996_PCE_LV",
    "available": true,
    "discount": 20
  },
  {
    "shop": "RIMI",
    "categories": [
      1,
      1001,
      1001008
    ],
    "productName": "Konjaks Courvoisier VS 40% 0,5l",
    "productPriceOld": null,
    "productPrice": {
      "value": 40.09,
      "unit": "€/gab"
    },
    "productPricePerUnit": {
      "value": 80.18,
      "unit": "€/l"
    },
    "productPriceWithLoyaltyCard": null,
    "productPricePerUnitWithLoyaltyCard": null,
    "imageUrl": "https://rimibaltic-res.cloudinary.com/image/upload/d_ecommerce:backend-fallback.png/MAT_7265389_PCE_LV",
    "available": true,
    "discount": null
  },
  {
    "shop": "MAXIMA",
    "categories": [
      1,
      1001,
      1001004
    ],
    "productName": "Šampanietis  MOET&CHANDON BRUT kastē 12% 0,75L",
    "productPriceOld": null,
    "productPrice": {
      "value": 60.15,
      "unit": "€"
    },
    "productPricePerUnit": {
      "value": 80.2,
      "unit": "€/l"
    },
    "productPriceWithLoyaltyCard": null,
    "productPricePerUnitWithLoyaltyCard": null,
    "imageUrl": "https://cdn.barbora.lv/products/1f380c21-9946-4beb-9b5a-d1084ac1c6ee_s.png",
    "available": true,
    "discount": null
  },
  {
    "shop": "MAXIMA",
    "categories": [
      1,
      1001,
      1001004
    ],
    "productName": "Šamp. LAURENT-PERRIER BRUT 12% 0,75L",
    "productPriceOld": null,
    "productPrice": {
      "value": 60.15,
      "unit": "€"
    },
    "productPricePerUnit": {
      "value": 80.2,
      "unit": "€/l"
    },
    "productPriceWithLoyaltyCard": null,
    "productPricePerUnitWithLoyaltyCard": null,
    "imageUrl": "https://cdn.barbora.lv/products/e2dda207-8d0f-48c6-ba56-af7d866cdb2d_s.png",
    "available": true,
    "discount": null
  },
  {
    "shop": "MAXIMA",
    "categories": [
      1,
      1001,
      1001008
    ],
    "productName": "Konjaks Pierre Ferrand Ambre 40% 0,7L",
    "productPriceOld": null,
    "productPrice": {
      "value": 56.61,
      "unit": "€"
    },
    "productPricePerUnit": {
      "value": 80.87,
      "unit": "€/l"
    },
    "productPriceWithLoyaltyCard": null,
    "productPricePerUnitWithLoyaltyCard": null,
    "imageUrl": "https://cdn.barbora.lv/products/93cff74c-b9e0-47ed-8955-1b6acad11288_s.png",
    "available": true,
    "discount": null
  },
  {
    "shop": "RIMI",
    "categories": [
      1,
      1001,
      1001004
    ],
    "productName": "Šamp. Moet&Chandon Brut bez kastes 12% 0,75l",
    "productPriceOld": null,
    "productPrice": {
      "value": 60.99,
      "unit": "€/gab"
    },
    "productPricePerUnit": {
      "value": 81.32,
      "unit": "€/l"
    },
    "productPriceWithLoyaltyCard": null,
    "productPricePerUnitWithLoyaltyCard": null,
    "imageUrl": "https://rimibaltic-res.cloudinary.com/image/upload/d_ecommerce:backend-fallback.png/MAT_102232_PCE_LV",
    "available": true,
    "discount": null
  },
  {
    "shop": "RIMI",
    "categories": [
      1,
      1001,
      1001004
    ],
    "productName": "Šamp.Laurent Perrier La Cuvee Brut 12 % 0,75l",
    "productPriceOld": null,
    "productPrice": {
      "value": 60.99,
      "unit": "€/gab"
    },
    "productPricePerUnit": {
      "value": 81.32,
      "unit": "€/l"
    },
    "productPriceWithLoyaltyCard": null,
    "productPricePerUnitWithLoyaltyCard": null,
    "imageUrl": "https://rimibaltic-res.cloudinary.com/image/upload/d_ecommerce:backend-fallback.png/MAT_622721_PCE_LV",
    "available": true,
    "discount": null
  },
  {
    "shop": "RIMI",
    "categories": [
      1,
      1001,
      1001008
    ],
    "productName": "Konjaks Courvoisier VSOP 40% 0,7l",
    "productPriceOld": null,
    "productPrice": {
      "value": 57.49,
      "unit": "€/gab"
    },
    "productPricePerUnit": {
      "value": 82.13,
      "unit": "€/l"
    },
    "productPriceWithLoyaltyCard": null,
    "productPricePerUnitWithLoyaltyCard": null,
    "imageUrl": "https://rimibaltic-res.cloudinary.com/image/upload/d_ecommerce:backend-fallback.png/MAT_101966_PCE_LV",
    "available": true,
    "discount": null
  },
  {
    "shop": "MAXIMA",
    "categories": [
      1,
      1001,
      1001008
    ],
    "productName": "Konjaks A.DE FUSSIGNY Superieur 40% 0,7L",
    "productPriceOld": null,
    "productPrice": {
      "value": 57.78,
      "unit": "€"
    },
    "productPricePerUnit": {
      "value": 82.54,
      "unit": "€/l"
    },
    "productPriceWithLoyaltyCard": null,
    "productPricePerUnitWithLoyaltyCard": null,
    "imageUrl": "https://cdn.barbora.lv/products/a150e0d5-776c-4201-a24e-3b4d7f1efbc6_s.png",
    "available": true,
    "discount": null
  },
  {
    "shop": "MAXIMA",
    "categories": [
      1,
      1001,
      1001008
    ],
    "productName": "Konjaks GODET VSOP ORIGINAL 40% 0,7L",
    "productPriceOld": null,
    "productPrice": {
      "value": 57.98,
      "unit": "€"
    },
    "productPricePerUnit": {
      "value": 82.83,
      "unit": "€/l"
    },
    "productPriceWithLoyaltyCard": null,
    "productPricePerUnitWithLoyaltyCard": null,
    "imageUrl": "https://cdn.barbora.lv/products/89a7e9aa-fd68-4175-98cd-64fa073255fc_s.png",
    "available": true,
    "discount": null
  },
  {
    "shop": "MAXIMA",
    "categories": [
      1,
      1001,
      10010019
    ],
    "productName": "Stiprais alk. dz.METAXA 12* 40% 0,7l",
    "productPriceOld": null,
    "productPrice": {
      "value": 58.78,
      "unit": "€"
    },
    "productPricePerUnit": {
      "value": 83.97,
      "unit": "€/l"
    },
    "productPriceWithLoyaltyCard": null,
    "productPricePerUnitWithLoyaltyCard": null,
    "imageUrl": "https://cdn.barbora.lv/products/986e6771-586a-4598-a720-cbbcfbde2106_s.png",
    "available": true,
    "discount": null
  },
  {
    "shop": "MAXIMA",
    "categories": [
      1,
      1001,
      1001004
    ],
    "productName": "Šamp.MOET&CHARDON Nectar kast.12,5%0,75L",
    "productPriceOld": null,
    "productPrice": {
      "value": 62.99,
      "unit": "€"
    },
    "productPricePerUnit": {
      "value": 83.99,
      "unit": "€/l"
    },
    "productPriceWithLoyaltyCard": null,
    "productPricePerUnitWithLoyaltyCard": null,
    "imageUrl": "https://cdn.barbora.lv/products/fb68c7b5-fde1-4b51-8384-5b3b4de1d7b3_s.png",
    "available": true,
    "discount": null
  },
  {
    "shop": "RIMI",
    "categories": [
      1,
      1001,
      1001004
    ],
    "productName": "Šamp. Moët & Chandon Nectar 12,5% 0,75l",
    "productPriceOld": null,
    "productPrice": {
      "value": 63.29,
      "unit": "€/gab"
    },
    "productPricePerUnit": {
      "value": 84.39,
      "unit": "€/l"
    },
    "productPriceWithLoyaltyCard": null,
    "productPricePerUnitWithLoyaltyCard": null,
    "imageUrl": "https://rimibaltic-res.cloudinary.com/image/upload/d_ecommerce:backend-fallback.png/MAT_108047_PCE_LV",
    "available": true,
    "discount": null
  },
  {
    "shop": "MAXIMA",
    "categories": [
      1,
      1001,
      1001009
    ],
    "productName": "Viskijs BRUICHLADDICH SC.BARLEY 50% 0,7l",
    "productPriceOld": {
      "value": 75.28,
      "unit": "€"
    },
    "productPrice": {
      "value": 59.99,
      "unit": "€"
    },
    "productPricePerUnit": {
      "value": 85.7,
      "unit": "€/l"
    },
    "productPriceWithLoyaltyCard": null,
    "productPricePerUnitWithLoyaltyCard": null,
    "imageUrl": "https://cdn.barbora.lv/products/e4498793-e7d0-462b-84df-a150d2fe5f24_s.png",
    "available": true,
    "discount": 20
  },
  {
    "shop": "MAXIMA",
    "categories": [
      1,
      1001,
      1001007
    ],
    "productName": "Rums MINOKI Mizunara Cask 40%0,7L GB",
    "productPriceOld": null,
    "productPrice": {
      "value": 59.99,
      "unit": "€"
    },
    "productPricePerUnit": {
      "value": 85.7,
      "unit": "€/l"
    },
    "productPriceWithLoyaltyCard": null,
    "productPricePerUnitWithLoyaltyCard": null,
    "imageUrl": "https://cdn.barbora.lv/products/1cd146eb-71bb-486c-b3aa-c76ab6efc72d_s.png",
    "available": true,
    "discount": null
  },
  {
    "shop": "MAXIMA",
    "categories": [
      1,
      1001,
      10010011
    ],
    "productName": "Tekila 1800 Reposado 38% 0,7L",
    "productPriceOld": null,
    "productPrice": {
      "value": 59.99,
      "unit": "€"
    },
    "productPricePerUnit": {
      "value": 85.7,
      "unit": "€/l"
    },
    "productPriceWithLoyaltyCard": null,
    "productPricePerUnitWithLoyaltyCard": null,
    "imageUrl": "https://cdn.barbora.lv/products/79f983a1-4bfb-4a15-a491-7ecca083525d_s.png",
    "available": true,
    "discount": null
  },
  {
    "shop": "MAXIMA",
    "categories": [
      1,
      1001,
      10010011
    ],
    "productName": "Tekila 1800 Blanco 38% 0,7L",
    "productPriceOld": null,
    "productPrice": {
      "value": 59.99,
      "unit": "€"
    },
    "productPricePerUnit": {
      "value": 85.7,
      "unit": "€/l"
    },
    "productPriceWithLoyaltyCard": null,
    "productPricePerUnitWithLoyaltyCard": null,
    "imageUrl": "https://cdn.barbora.lv/products/619aba3a-d8f5-4b62-ba47-5761ea8d6025_s.png",
    "available": true,
    "discount": null
  },
  {
    "shop": "RIMI",
    "categories": [
      1,
      1001,
      1001009
    ],
    "productName": "Viskijs Nikka from The Barrel 51,4% 0,5l",
    "productPriceOld": null,
    "productPrice": {
      "value": 55.79,
      "unit": "€/gab"
    },
    "productPricePerUnit": {
      "value": 111.58,
      "unit": "€/l"
    },
    "productPriceWithLoyaltyCard": {
      "value": 42.99,
      "unit": "€"
    },
    "productPricePerUnitWithLoyaltyCard": {
      "value": 85.98,
      "unit": "€/l"
    },
    "imageUrl": "https://rimibaltic-res.cloudinary.com/image/upload/d_ecommerce:backend-fallback.png/MAT_7189785_PCE_LV",
    "available": true,
    "discount": 23
  },
  {
    "shop": "MAXIMA",
    "categories": [
      1,
      1001,
      1001009
    ],
    "productName": "Viskijs GLENLIVET Reserve 40% 0,7L",
    "productPriceOld": null,
    "productPrice": {
      "value": 60.78,
      "unit": "€"
    },
    "productPricePerUnit": {
      "value": 86.83,
      "unit": "€/l"
    },
    "productPriceWithLoyaltyCard": null,
    "productPricePerUnitWithLoyaltyCard": null,
    "imageUrl": "https://cdn.barbora.lv/products/6ed89d52-09b0-4019-92a6-17a91bcbaac4_s.png",
    "available": true,
    "discount": null
  },
  {
    "shop": "MAXIMA",
    "categories": [
      1,
      1001,
      1001009
    ],
    "productName": "Viskijs ABERLOUR 12YO 40% 0,7l",
    "productPriceOld": null,
    "productPrice": {
      "value": 60.81,
      "unit": "€"
    },
    "productPricePerUnit": {
      "value": 86.87,
      "unit": "€/l"
    },
    "productPriceWithLoyaltyCard": null,
    "productPricePerUnitWithLoyaltyCard": null,
    "imageUrl": "https://cdn.barbora.lv/products/8698e7e9-1b43-4c67-9cbd-620848b15747_s.png",
    "available": true,
    "discount": null
  },
  {
    "shop": "RIMI",
    "categories": [
      1,
      1001,
      1001009
    ],
    "productName": "Viskijs Ardbeg 5YO Wee Beastie 47,4% 0,7l",
    "productPriceOld": null,
    "productPrice": {
      "value": 60.99,
      "unit": "€/gab"
    },
    "productPricePerUnit": {
      "value": 87.13,
      "unit": "€/l"
    },
    "productPriceWithLoyaltyCard": null,
    "productPricePerUnitWithLoyaltyCard": null,
    "imageUrl": "https://rimibaltic-res.cloudinary.com/image/upload/d_ecommerce:backend-fallback.png/MAT_7262695_PCE_LV",
    "available": true,
    "discount": null
  },
  {
    "shop": "RIMI",
    "categories": [
      1,
      1001,
      1001009
    ],
    "productName": "Viskijs Ardbeg 5YO Wee Beastie 47,4% 0,7l",
    "productPriceOld": null,
    "productPrice": {
      "value": 60.99,
      "unit": "€/gab"
    },
    "productPricePerUnit": {
      "value": 87.13,
      "unit": "€/l"
    },
    "productPriceWithLoyaltyCard": null,
    "productPricePerUnitWithLoyaltyCard": null,
    "imageUrl": "https://rimibaltic-res.cloudinary.com/image/upload/d_ecommerce:backend-fallback.png/MAT_7262695_PCE_LV",
    "available": true,
    "discount": null
  },
  {
    "shop": "MAXIMA",
    "categories": [
      1,
      1001,
      1001008
    ],
    "productName": "Konjaks RENAULT Carte Noire 40% 0,7L GB",
    "productPriceOld": {
      "value": 68.31,
      "unit": "€"
    },
    "productPrice": {
      "value": 60.99,
      "unit": "€"
    },
    "productPricePerUnit": {
      "value": 87.13,
      "unit": "€/l"
    },
    "productPriceWithLoyaltyCard": null,
    "productPricePerUnitWithLoyaltyCard": null,
    "imageUrl": "https://cdn.barbora.lv/products/19251027-a89b-4242-aa36-86e3f6f46bd9_s.png",
    "available": true,
    "discount": 11
  },
  {
    "shop": "RIMI",
    "categories": [
      1,
      1001,
      1001008
    ],
    "productName": "Konjaks Camus Vsop Int Arom 40% 0.7l",
    "productPriceOld": null,
    "productPrice": {
      "value": 61.19,
      "unit": "€/gab"
    },
    "productPricePerUnit": {
      "value": 87.41,
      "unit": "€/l"
    },
    "productPriceWithLoyaltyCard": null,
    "productPricePerUnitWithLoyaltyCard": null,
    "imageUrl": "https://rimibaltic-res.cloudinary.com/image/upload/d_ecommerce:backend-fallback.png/MAT_7286668_PCE_LV",
    "available": true,
    "discount": null
  },
  {
    "shop": "MAXIMA",
    "categories": [
      1,
      1001,
      1001008
    ],
    "productName": "Konjaks CAMUS VSOP INTEN.AROMATIC40%0,7L",
    "productPriceOld": null,
    "productPrice": {
      "value": 61.19,
      "unit": "€"
    },
    "productPricePerUnit": {
      "value": 87.41,
      "unit": "€/l"
    },
    "productPriceWithLoyaltyCard": null,
    "productPricePerUnitWithLoyaltyCard": null,
    "imageUrl": "https://cdn.barbora.lv/products/c66d505e-b372-4661-9d67-75a0d1f9546a_s.png",
    "available": true,
    "discount": null
  },
  {
    "shop": "RIMI",
    "categories": [
      1,
      1001,
      1001009
    ],
    "productName": "Viskijs Glenlivet Foundres Rva 40% 0,7L",
    "productPriceOld": null,
    "productPrice": {
      "value": 61.59,
      "unit": "€/gab"
    },
    "productPricePerUnit": {
      "value": 87.99,
      "unit": "€/l"
    },
    "productPriceWithLoyaltyCard": null,
    "productPricePerUnitWithLoyaltyCard": null,
    "imageUrl": "https://rimibaltic-res.cloudinary.com/image/upload/d_ecommerce:backend-fallback.png/MAT_7113478_PCE_LV",
    "available": true,
    "discount": null
  },
  {
    "shop": "MAXIMA",
    "categories": [
      1,
      1001,
      1001004
    ],
    "productName": "Šampanietis VEUVE CLICQUOT Brut kastē 12% 750ml",
    "productPriceOld": null,
    "productPrice": {
      "value": 66.15,
      "unit": "€"
    },
    "productPricePerUnit": {
      "value": 88.2,
      "unit": "€/l"
    },
    "productPriceWithLoyaltyCard": null,
    "productPricePerUnitWithLoyaltyCard": null,
    "imageUrl": "https://cdn.barbora.lv/products/3ece4d97-4081-48da-8660-d2beb869f39a_s.png",
    "available": true,
    "discount": null
  },
  {
    "shop": "MAXIMA",
    "categories": [
      1,
      1001,
      1001009
    ],
    "productName": "Viskijs CAOL ILA SM 12YO 43% 0,7L GB",
    "productPriceOld": null,
    "productPrice": {
      "value": 63.99,
      "unit": "€"
    },
    "productPricePerUnit": {
      "value": 91.41,
      "unit": "€/l"
    },
    "productPriceWithLoyaltyCard": null,
    "productPricePerUnitWithLoyaltyCard": null,
    "imageUrl": "https://cdn.barbora.lv/products/d383a158-bad9-4ffb-b566-df41a2378ce9_s.png",
    "available": true,
    "discount": null
  },
  {
    "shop": "MAXIMA",
    "categories": [
      1,
      1001,
      1001004
    ],
    "productName": "Šampanietis POL ROGER Reserve Brut 12,5%0,75L",
    "productPriceOld": null,
    "productPrice": {
      "value": 69.26,
      "unit": "€"
    },
    "productPricePerUnit": {
      "value": 92.35,
      "unit": "€/l"
    },
    "productPriceWithLoyaltyCard": null,
    "productPricePerUnitWithLoyaltyCard": null,
    "imageUrl": "https://cdn.barbora.lv/products/b70436e8-3eae-47ba-a487-b3ceab834f8f_s.png",
    "available": true,
    "discount": null
  },
  {
    "shop": "MAXIMA",
    "categories": [
      1,
      1001,
      1001009
    ],
    "productName": "Viskijs GLENKINCHIE 12YO 43% 0,7L GB",
    "productPriceOld": null,
    "productPrice": {
      "value": 64.79,
      "unit": "€"
    },
    "productPricePerUnit": {
      "value": 92.56,
      "unit": "€/l"
    },
    "productPriceWithLoyaltyCard": null,
    "productPricePerUnitWithLoyaltyCard": null,
    "imageUrl": "https://cdn.barbora.lv/products/dadc570a-c498-4650-87e0-b22bdfda3bf7_s.png",
    "available": true,
    "discount": null
  },
  {
    "shop": "MAXIMA",
    "categories": [
      1,
      1001,
      1001007
    ],
    "productName": "Rums EMINENTE Reserva 41,3% 0,7L",
    "productPriceOld": null,
    "productPrice": {
      "value": 65.87,
      "unit": "€"
    },
    "productPricePerUnit": {
      "value": 94.1,
      "unit": "€/l"
    },
    "productPriceWithLoyaltyCard": null,
    "productPricePerUnitWithLoyaltyCard": null,
    "imageUrl": "https://cdn.barbora.lv/products/7434c456-54b0-4808-93c7-2e1518633f7e_s.png",
    "available": true,
    "discount": null
  },
  {
    "shop": "RIMI",
    "categories": [
      1,
      1001,
      1001007
    ],
    "productName": "Rums Zacapa Solera Gran Reserva 40% 0,7l",
    "productPriceOld": null,
    "productPrice": {
      "value": 84.59,
      "unit": "€/gab"
    },
    "productPricePerUnit": {
      "value": 120.84,
      "unit": "€/l"
    },
    "productPriceWithLoyaltyCard": {
      "value": 65.99,
      "unit": "€"
    },
    "productPricePerUnitWithLoyaltyCard": {
      "value": 94.27,
      "unit": "€/l"
    },
    "imageUrl": "https://rimibaltic-res.cloudinary.com/image/upload/d_ecommerce:backend-fallback.png/MAT_7061909_PCE_LV",
    "available": true,
    "discount": 22
  },
  {
    "shop": "MAXIMA",
    "categories": [
      1,
      1001,
      1001008
    ],
    "productName": "Konjaks HENNESSY VSOP 40% 0,7l",
    "productPriceOld": null,
    "productPrice": {
      "value": 65.99,
      "unit": "€"
    },
    "productPricePerUnit": {
      "value": 94.27,
      "unit": "€/l"
    },
    "productPriceWithLoyaltyCard": null,
    "productPricePerUnitWithLoyaltyCard": null,
    "imageUrl": "https://cdn.barbora.lv/products/854ba4be-e1a0-40c9-9ce4-8aebb9173de1_s.png",
    "available": true,
    "discount": null
  },
  {
    "shop": "RIMI",
    "categories": [
      1,
      1001,
      1001008
    ],
    "productName": "Konjaks Martell RB VSOP 40% 0,5l kārbā",
    "productPriceOld": null,
    "productPrice": {
      "value": 47.25,
      "unit": "€/gab"
    },
    "productPricePerUnit": {
      "value": 94.5,
      "unit": "€/l"
    },
    "productPriceWithLoyaltyCard": null,
    "productPricePerUnitWithLoyaltyCard": null,
    "imageUrl": "https://rimibaltic-res.cloudinary.com/image/upload/d_ecommerce:backend-fallback.png/MAT_7194337_PCE_LV",
    "available": true,
    "discount": null
  },
  {
    "shop": "MAXIMA",
    "categories": [
      1,
      1001,
      1001008
    ],
    "productName": "Konjaks MARTELL VSOP 40% 0,5L GB",
    "productPriceOld": null,
    "productPrice": {
      "value": 47.25,
      "unit": "€"
    },
    "productPricePerUnit": {
      "value": 94.5,
      "unit": "€/l"
    },
    "productPriceWithLoyaltyCard": null,
    "productPricePerUnitWithLoyaltyCard": null,
    "imageUrl": "https://cdn.barbora.lv/products/1e6e0cb3-459f-4cfc-9553-d43563e6dc26_s.png",
    "available": true,
    "discount": null
  },
  {
    "shop": "MAXIMA",
    "categories": [
      1,
      1001,
      1001009
    ],
    "productName": "Viskijs ARDBEG 10YO SM 46% 0,7L GB",
    "productPriceOld": null,
    "productPrice": {
      "value": 66.73,
      "unit": "€"
    },
    "productPricePerUnit": {
      "value": 95.33,
      "unit": "€/l"
    },
    "productPriceWithLoyaltyCard": null,
    "productPricePerUnitWithLoyaltyCard": null,
    "imageUrl": "https://cdn.barbora.lv/products/95723a2c-4ec0-466f-9b59-e168d6cbd941_s.png",
    "available": true,
    "discount": null
  },
  {
    "shop": "RIMI",
    "categories": [
      1,
      1001,
      1001008
    ],
    "productName": "Konjaks Hine Rare Fine ar kasti 40% 0,7l",
    "productPriceOld": null,
    "productPrice": {
      "value": 67.99,
      "unit": "€/gab"
    },
    "productPricePerUnit": {
      "value": 97.13,
      "unit": "€/l"
    },
    "productPriceWithLoyaltyCard": null,
    "productPricePerUnitWithLoyaltyCard": null,
    "imageUrl": "https://rimibaltic-res.cloudinary.com/image/upload/d_ecommerce:backend-fallback.png/MAT_458526_PCE_LV",
    "available": true,
    "discount": null
  },
  {
    "shop": "MAXIMA",
    "categories": [
      1,
      1001,
      10010011
    ],
    "productName": "Tekila PATRON REPOSADO 40% 0,7L",
    "productPriceOld": null,
    "productPrice": {
      "value": 68.46,
      "unit": "€"
    },
    "productPricePerUnit": {
      "value": 97.8,
      "unit": "€/l"
    },
    "productPriceWithLoyaltyCard": null,
    "productPricePerUnitWithLoyaltyCard": null,
    "imageUrl": "https://cdn.barbora.lv/products/f087dcd1-67dd-4881-833d-7ceb5b55c310_s.png",
    "available": true,
    "discount": null
  },
  {
    "shop": "MAXIMA",
    "categories": [
      1,
      1001,
      1001008
    ],
    "productName": "Konjaks REMY MARTIN VSOP 40% 0,7L",
    "productPriceOld": null,
    "productPrice": {
      "value": 69.19,
      "unit": "€"
    },
    "productPricePerUnit": {
      "value": 98.84,
      "unit": "€/l"
    },
    "productPriceWithLoyaltyCard": null,
    "productPricePerUnitWithLoyaltyCard": null,
    "imageUrl": "https://cdn.barbora.lv/products/3f3cc7de-069d-4fae-9a52-6728d84da11a_s.png",
    "available": true,
    "discount": null
  },
  {
    "shop": "MAXIMA",
    "categories": [
      1,
      1001,
      1001004
    ],
    "productName": "Šampanietis RUINART Brut 12,5% 0,75L",
    "productPriceOld": null,
    "productPrice": {
      "value": 75.1,
      "unit": "€"
    },
    "productPricePerUnit": {
      "value": 100.13,
      "unit": "€/l"
    },
    "productPriceWithLoyaltyCard": null,
    "productPricePerUnitWithLoyaltyCard": null,
    "imageUrl": "https://cdn.barbora.lv/products/d6f41609-d1e4-48ed-a138-72477bf3b133_s.png",
    "available": true,
    "discount": null
  },
  {
    "shop": "MAXIMA",
    "categories": [
      1,
      1001,
      10010011
    ],
    "productName": "Tekila PATRON SILVER 40% 0,7L",
    "productPriceOld": null,
    "productPrice": {
      "value": 70.21,
      "unit": "€"
    },
    "productPricePerUnit": {
      "value": 100.3,
      "unit": "€/l"
    },
    "productPriceWithLoyaltyCard": null,
    "productPricePerUnitWithLoyaltyCard": null,
    "imageUrl": "https://cdn.barbora.lv/products/f9c4bceb-33a6-4b33-a186-40506d9d5c10_s.png",
    "available": true,
    "discount": null
  },
  {
    "shop": "MAXIMA",
    "categories": [
      1,
      1001,
      1001004
    ],
    "productName": "Šamp.TAITTING.Rose Brut kastē 12,5%0,75L",
    "productPriceOld": null,
    "productPrice": {
      "value": 75.54,
      "unit": "€"
    },
    "productPricePerUnit": {
      "value": 100.72,
      "unit": "€/l"
    },
    "productPriceWithLoyaltyCard": null,
    "productPricePerUnitWithLoyaltyCard": null,
    "imageUrl": "https://cdn.barbora.lv/products/2d82c040-02a5-4d61-849e-b42a30e06eb7_s.png",
    "available": true,
    "discount": null
  },
  {
    "shop": "MAXIMA",
    "categories": [
      1,
      1001,
      1001008
    ],
    "productName": "Stipr.alk.dz.MARTELL Blue Swift 40% 0,7L",
    "productPriceOld": null,
    "productPrice": {
      "value": 70.78,
      "unit": "€"
    },
    "productPricePerUnit": {
      "value": 101.11,
      "unit": "€/l"
    },
    "productPriceWithLoyaltyCard": null,
    "productPricePerUnitWithLoyaltyCard": null,
    "imageUrl": "https://cdn.barbora.lv/products/3f9f0a2e-cd59-4abb-b4a3-19342f1d2f59_s.png",
    "available": true,
    "discount": null
  },
  {
    "shop": "RIMI",
    "categories": [
      1,
      1001,
      1001004
    ],
    "productName": "Šampan. Taittinger Prestige Rose 12,5% 0,75l",
    "productPriceOld": null,
    "productPrice": {
      "value": 75.99,
      "unit": "€/gab"
    },
    "productPricePerUnit": {
      "value": 101.32,
      "unit": "€/l"
    },
    "productPriceWithLoyaltyCard": null,
    "productPricePerUnitWithLoyaltyCard": null,
    "imageUrl": "https://rimibaltic-res.cloudinary.com/image/upload/d_ecommerce:backend-fallback.png/MAT_7215447_PCE_LV",
    "available": true,
    "discount": null
  },
  {
    "shop": "RIMI",
    "categories": [
      1,
      1001,
      1001004
    ],
    "productName": "Šampanietis Mumm Rose 12% 0,75l",
    "productPriceOld": null,
    "productPrice": {
      "value": 76.49,
      "unit": "€/gab"
    },
    "productPricePerUnit": {
      "value": 101.99,
      "unit": "€/l"
    },
    "productPriceWithLoyaltyCard": null,
    "productPricePerUnitWithLoyaltyCard": null,
    "imageUrl": "https://rimibaltic-res.cloudinary.com/image/upload/d_ecommerce:backend-fallback.png/MAT_7093722_PCE_LV",
    "available": true,
    "discount": null
  },
  {
    "shop": "MAXIMA",
    "categories": [
      1,
      1001,
      1001008
    ],
    "productName": "Konjaks HENNESSY VSOP NBA 40% 0,7L",
    "productPriceOld": null,
    "productPrice": {
      "value": 71.86,
      "unit": "€"
    },
    "productPricePerUnit": {
      "value": 102.66,
      "unit": "€/l"
    },
    "productPriceWithLoyaltyCard": null,
    "productPricePerUnitWithLoyaltyCard": null,
    "imageUrl": "https://cdn.barbora.lv/products/44eba9b7-306c-4271-8e5c-6b36efbc05bf_s.png",
    "available": true,
    "discount": null
  },
  {
    "shop": "MAXIMA",
    "categories": [
      1,
      1001,
      1001008
    ],
    "productName": "Konjaks COURVOISIER VSOP 40% 0,35L",
    "productPriceOld": null,
    "productPrice": {
      "value": 35.99,
      "unit": "€"
    },
    "productPricePerUnit": {
      "value": 102.83,
      "unit": "€/l"
    },
    "productPriceWithLoyaltyCard": null,
    "productPricePerUnitWithLoyaltyCard": null,
    "imageUrl": "https://cdn.barbora.lv/products/5ff753c4-6ba3-47b2-a952-8dc89a7aeddc_s.png",
    "available": true,
    "discount": null
  },
  {
    "shop": "MAXIMA",
    "categories": [
      1,
      1001,
      1001009
    ],
    "productName": "Viskijs TALISKER ISLE 10YO 45,8% 0,7l k.",
    "productPriceOld": null,
    "productPrice": {
      "value": 72.55,
      "unit": "€"
    },
    "productPricePerUnit": {
      "value": 103.64,
      "unit": "€/l"
    },
    "productPriceWithLoyaltyCard": null,
    "productPricePerUnitWithLoyaltyCard": null,
    "imageUrl": "https://cdn.barbora.lv/products/49d63f96-7d15-4c15-8199-90a615b1f4d5_s.png",
    "available": true,
    "discount": null
  },
  {
    "shop": "RIMI",
    "categories": [
      1,
      1001,
      1001008
    ],
    "productName": "Konjaks Meukow VSOP 40% 0,35l",
    "productPriceOld": null,
    "productPrice": {
      "value": 36.29,
      "unit": "€/gab"
    },
    "productPricePerUnit": {
      "value": 103.69,
      "unit": "€/l"
    },
    "productPriceWithLoyaltyCard": null,
    "productPricePerUnitWithLoyaltyCard": null,
    "imageUrl": "https://rimibaltic-res.cloudinary.com/image/upload/d_ecommerce:backend-fallback.png/MAT_101998_PCE_LV",
    "available": true,
    "discount": null
  },
  {
    "shop": "MAXIMA",
    "categories": [
      1,
      1001,
      1001008
    ],
    "productName": "Konjaks REMY MARTIN VSOP 40% 0,35l",
    "productPriceOld": null,
    "productPrice": {
      "value": 37.34,
      "unit": "€"
    },
    "productPricePerUnit": {
      "value": 106.69,
      "unit": "€/l"
    },
    "productPriceWithLoyaltyCard": null,
    "productPricePerUnitWithLoyaltyCard": null,
    "imageUrl": "https://cdn.barbora.lv/products/e283624b-6570-427f-b104-714ba295dbd6_s.png",
    "available": true,
    "discount": null
  },
  {
    "shop": "MAXIMA",
    "categories": [
      1,
      1001,
      1001009
    ],
    "productName": "Viskijs GLENFIDDICH Fire&Cane 43% 0,7L",
    "productPriceOld": null,
    "productPrice": {
      "value": 76.33,
      "unit": "€"
    },
    "productPricePerUnit": {
      "value": 109.04,
      "unit": "€/l"
    },
    "productPriceWithLoyaltyCard": null,
    "productPricePerUnitWithLoyaltyCard": null,
    "imageUrl": "https://cdn.barbora.lv/products/87f82876-8c15-4b4f-a0ae-6df54ac81274_s.png",
    "available": true,
    "discount": null
  },
  {
    "shop": "MAXIMA",
    "categories": [
      1,
      1001,
      1001007
    ],
    "productName": "Rums ZACAPA Solera GrandReserva 40% 0,7L",
    "productPriceOld": null,
    "productPrice": {
      "value": 76.36,
      "unit": "€"
    },
    "productPricePerUnit": {
      "value": 109.09,
      "unit": "€/l"
    },
    "productPriceWithLoyaltyCard": null,
    "productPricePerUnitWithLoyaltyCard": null,
    "imageUrl": "https://cdn.barbora.lv/products/6b49e4af-bfde-472d-aef0-325b147e24a9_s.png",
    "available": true,
    "discount": null
  },
  {
    "shop": "RIMI",
    "categories": [
      1,
      1001,
      1001007
    ],
    "productName": "Rums Planteray XO 20th Anniversary 40% 0,7l",
    "productPriceOld": null,
    "productPrice": {
      "value": 76.45,
      "unit": "€/gab"
    },
    "productPricePerUnit": {
      "value": 109.21,
      "unit": "€/l"
    },
    "productPriceWithLoyaltyCard": null,
    "productPricePerUnitWithLoyaltyCard": null,
    "imageUrl": "https://rimibaltic-res.cloudinary.com/image/upload/d_ecommerce:backend-fallback.png/MAT_7169076_PCE_LV",
    "available": true,
    "discount": null
  },
  {
    "shop": "MAXIMA",
    "categories": [
      1,
      1001,
      1001008
    ],
    "productName": "Konjaks MARTELL VSOP 40% 0,35l",
    "productPriceOld": null,
    "productPrice": {
      "value": 38.41,
      "unit": "€"
    },
    "productPricePerUnit": {
      "value": 109.74,
      "unit": "€/l"
    },
    "productPriceWithLoyaltyCard": null,
    "productPricePerUnitWithLoyaltyCard": null,
    "imageUrl": "https://cdn.barbora.lv/products/63cb5963-e91c-424f-b67c-b4eebb4c55a8_s.png",
    "available": true,
    "discount": null
  },
  {
    "shop": "RIMI",
    "categories": [
      1,
      1001,
      1001004
    ],
    "productName": "Šamp. Moet&Chandon Brut Imper. 12% 0,2l",
    "productPriceOld": null,
    "productPrice": {
      "value": 21.99,
      "unit": "€/gab"
    },
    "productPricePerUnit": {
      "value": 109.95,
      "unit": "€/l"
    },
    "productPriceWithLoyaltyCard": null,
    "productPricePerUnitWithLoyaltyCard": null,
    "imageUrl": "https://rimibaltic-res.cloudinary.com/image/upload/d_ecommerce:backend-fallback.png/MAT_7151519_PCE_LV",
    "available": true,
    "discount": null
  },
  {
    "shop": "MAXIMA",
    "categories": [
      1,
      1001,
      1001008
    ],
    "productName": "Konjaks FRAPIN VSOP 40% 0,5L",
    "productPriceOld": null,
    "productPrice": {
      "value": 55.87,
      "unit": "€"
    },
    "productPricePerUnit": {
      "value": 111.74,
      "unit": "€/l"
    },
    "productPriceWithLoyaltyCard": null,
    "productPricePerUnitWithLoyaltyCard": null,
    "imageUrl": "https://cdn.barbora.lv/products/eb3a2d63-49bb-4853-92f7-fbb7bc4bb5a8_s.png",
    "available": true,
    "discount": null
  },
  {
    "shop": "MAXIMA",
    "categories": [
      1,
      1001,
      1001008
    ],
    "productName": "Konjaks HENNESSY VSOP 40% 0,5L GB",
    "productPriceOld": null,
    "productPrice": {
      "value": 55.99,
      "unit": "€"
    },
    "productPricePerUnit": {
      "value": 111.98,
      "unit": "€/l"
    },
    "productPriceWithLoyaltyCard": null,
    "productPricePerUnitWithLoyaltyCard": null,
    "imageUrl": "https://cdn.barbora.lv/products/dfc771ae-f80b-4122-8925-3ed5bd77e25e_s.png",
    "available": true,
    "discount": null
  },
  {
    "shop": "MAXIMA",
    "categories": [
      1,
      1001,
      1001009
    ],
    "productName": "Viskijs J.WALKER GOLD RESERVE 40% 0,7l",
    "productPriceOld": null,
    "productPrice": {
      "value": 80.46,
      "unit": "€"
    },
    "productPricePerUnit": {
      "value": 114.94,
      "unit": "€/l"
    },
    "productPriceWithLoyaltyCard": null,
    "productPricePerUnitWithLoyaltyCard": null,
    "imageUrl": "https://cdn.barbora.lv/products/cbf23bce-7de5-469a-8be2-e880f419c5f6_s.png",
    "available": true,
    "discount": null
  },
  {
    "shop": "MAXIMA",
    "categories": [
      1,
      1001,
      10010010
    ],
    "productName": "Brendijs ARARAT Nairi 40% 0,7L GB",
    "productPriceOld": null,
    "productPrice": {
      "value": 82.64,
      "unit": "€"
    },
    "productPricePerUnit": {
      "value": 118.06,
      "unit": "€/l"
    },
    "productPriceWithLoyaltyCard": null,
    "productPricePerUnitWithLoyaltyCard": null,
    "imageUrl": "https://cdn.barbora.lv/products/82652f7a-8778-4480-a593-5ee055ecf0bf_s.png",
    "available": true,
    "discount": null
  },
  {
    "shop": "RIMI",
    "categories": [
      1,
      1001,
      1001009
    ],
    "productName": "Viskijs The Glendronach 12YO 43% 0,7l",
    "productPriceOld": null,
    "productPrice": {
      "value": 82.69,
      "unit": "€/gab"
    },
    "productPricePerUnit": {
      "value": 118.13,
      "unit": "€/l"
    },
    "productPriceWithLoyaltyCard": null,
    "productPricePerUnitWithLoyaltyCard": null,
    "imageUrl": "https://rimibaltic-res.cloudinary.com/image/upload/d_ecommerce:backend-fallback.png/MAT_7032352_PCE_LV",
    "available": true,
    "discount": null
  },
  {
    "shop": "RIMI",
    "categories": [
      1,
      1001,
      1001009
    ],
    "productName": "Viskijs The Glendronach 12YO 43% 0,7l",
    "productPriceOld": null,
    "productPrice": {
      "value": 82.69,
      "unit": "€/gab"
    },
    "productPricePerUnit": {
      "value": 118.13,
      "unit": "€/l"
    },
    "productPriceWithLoyaltyCard": null,
    "productPricePerUnitWithLoyaltyCard": null,
    "imageUrl": "https://rimibaltic-res.cloudinary.com/image/upload/d_ecommerce:backend-fallback.png/MAT_7032352_PCE_LV",
    "available": true,
    "discount": null
  },
  {
    "shop": "MAXIMA",
    "categories": [
      1,
      1001,
      1001004
    ],
    "productName": "Šampanietis PERRIER-JOUET Blanc De Blancs 12% 0,75L",
    "productPriceOld": null,
    "productPrice": {
      "value": 89.99,
      "unit": "€"
    },
    "productPricePerUnit": {
      "value": 119.99,
      "unit": "€/l"
    },
    "productPriceWithLoyaltyCard": null,
    "productPricePerUnitWithLoyaltyCard": null,
    "imageUrl": "https://cdn.barbora.lv/products/d760d77a-dade-4318-a4b4-b36ad0b8fec1_s.png",
    "available": true,
    "discount": null
  },
  {
    "shop": "MAXIMA",
    "categories": [
      1,
      1001,
      1001009
    ],
    "productName": "Viskijs CHIVAS REGAL 18YO 40% 0,7L GB",
    "productPriceOld": null,
    "productPrice": {
      "value": 84.44,
      "unit": "€"
    },
    "productPricePerUnit": {
      "value": 120.63,
      "unit": "€/l"
    },
    "productPriceWithLoyaltyCard": null,
    "productPricePerUnitWithLoyaltyCard": null,
    "imageUrl": "https://cdn.barbora.lv/products/1f0afd00-ca9e-46a4-8baa-9fd9ddb14375_s.png",
    "available": true,
    "discount": null
  },
  {
    "shop": "MAXIMA",
    "categories": [
      1,
      1001,
      10010010
    ],
    "productName": "Brendijs DVIN 10YO 50% 0,7L GB",
    "productPriceOld": null,
    "productPrice": {
      "value": 85.02,
      "unit": "€"
    },
    "productPricePerUnit": {
      "value": 121.46,
      "unit": "€/l"
    },
    "productPriceWithLoyaltyCard": null,
    "productPricePerUnitWithLoyaltyCard": null,
    "imageUrl": "https://cdn.barbora.lv/products/5659981a-1e6d-4cab-b671-2d3bbd2b3696_s.png",
    "available": true,
    "discount": null
  },
  {
    "shop": "RIMI",
    "categories": [
      1,
      1001,
      1001008
    ],
    "productName": "Konjaks Hennessy VSOP 40% 0,5l",
    "productPriceOld": null,
    "productPrice": {
      "value": 60.89,
      "unit": "€/gab"
    },
    "productPricePerUnit": {
      "value": 121.78,
      "unit": "€/l"
    },
    "productPriceWithLoyaltyCard": null,
    "productPricePerUnitWithLoyaltyCard": null,
    "imageUrl": "https://rimibaltic-res.cloudinary.com/image/upload/d_ecommerce:backend-fallback.png/MAT_7094245_PCE_LV",
    "available": true,
    "discount": null
  },
  {
    "shop": "MAXIMA",
    "categories": [
      1,
      1001,
      10010011
    ],
    "productName": "Tekila KAH Blanco 100% Agave 40% 0,7L",
    "productPriceOld": null,
    "productPrice": {
      "value": 86.99,
      "unit": "€"
    },
    "productPricePerUnit": {
      "value": 124.27,
      "unit": "€/l"
    },
    "productPriceWithLoyaltyCard": null,
    "productPricePerUnitWithLoyaltyCard": null,
    "imageUrl": "https://cdn.barbora.lv/products/5ca30913-38a9-4e4f-a249-2584a657e064_s.png",
    "available": true,
    "discount": null
  },
  {
    "shop": "RIMI",
    "categories": [
      1,
      1001,
      1001004
    ],
    "productName": "Šamp. Moet&Chandon Brut Imper. Rose 12% 0,2l",
    "productPriceOld": null,
    "productPrice": {
      "value": 25.09,
      "unit": "€/gab"
    },
    "productPricePerUnit": {
      "value": 125.45,
      "unit": "€/l"
    },
    "productPriceWithLoyaltyCard": null,
    "productPricePerUnitWithLoyaltyCard": null,
    "imageUrl": "https://rimibaltic-res.cloudinary.com/image/upload/d_ecommerce:backend-fallback.png/MAT_7215446_PCE_LV",
    "available": true,
    "discount": null
  },
  {
    "shop": "RIMI",
    "categories": [
      1,
      1001,
      1001004
    ],
    "productName": "Šamp. Moet&Chandon Brut Imper. Rose 12% 0,2l",
    "productPriceOld": null,
    "productPrice": {
      "value": 25.09,
      "unit": "€/gab"
    },
    "productPricePerUnit": {
      "value": 125.45,
      "unit": "€/l"
    },
    "productPriceWithLoyaltyCard": null,
    "productPricePerUnitWithLoyaltyCard": null,
    "imageUrl": "https://rimibaltic-res.cloudinary.com/image/upload/d_ecommerce:backend-fallback.png/MAT_7215446_PCE_LV",
    "available": true,
    "discount": null
  },
  {
    "shop": "MAXIMA",
    "categories": [
      1,
      1001,
      1001009
    ],
    "productName": "Viskijs GLENFIDDICH 15YO 40% 0,7L GB",
    "productPriceOld": null,
    "productPrice": {
      "value": 94.99,
      "unit": "€"
    },
    "productPricePerUnit": {
      "value": 135.7,
      "unit": "€/l"
    },
    "productPriceWithLoyaltyCard": null,
    "productPricePerUnitWithLoyaltyCard": null,
    "imageUrl": "https://cdn.barbora.lv/products/6f2e9106-16ad-4487-9439-846ad5cf8fc5_s.png",
    "available": true,
    "discount": null
  },
  {
    "shop": "MAXIMA",
    "categories": [
      1,
      1001,
      10010011
    ],
    "productName": "Tekila KAH Tequila Repos. Agave 40% 0,7L",
    "productPriceOld": null,
    "productPrice": {
      "value": 96.99,
      "unit": "€"
    },
    "productPricePerUnit": {
      "value": 138.56,
      "unit": "€/l"
    },
    "productPriceWithLoyaltyCard": null,
    "productPricePerUnitWithLoyaltyCard": null,
    "imageUrl": "https://cdn.barbora.lv/products/4d5ab7e5-5f5d-4b6f-a8b1-749105869ae1_s.png",
    "available": true,
    "discount": null
  },
  {
    "shop": "RIMI",
    "categories": [
      1,
      1001,
      1001008
    ],
    "productName": "Konjaks Hennessy VSOP flask 40% 0,2l",
    "productPriceOld": null,
    "productPrice": {
      "value": 27.95,
      "unit": "€/gab"
    },
    "productPricePerUnit": {
      "value": 139.75,
      "unit": "€/l"
    },
    "productPriceWithLoyaltyCard": null,
    "productPricePerUnitWithLoyaltyCard": null,
    "imageUrl": "https://rimibaltic-res.cloudinary.com/image/upload/d_ecommerce:backend-fallback.png/MAT_7196298_PCE_LV",
    "available": true,
    "discount": null
  },
  {
    "shop": "MAXIMA",
    "categories": [
      1,
      1001,
      1001008
    ],
    "productName": "Konjaks LARSEN XO 40% 0,7L",
    "productPriceOld": null,
    "productPrice": {
      "value": 98.99,
      "unit": "€"
    },
    "productPricePerUnit": {
      "value": 141.41,
      "unit": "€/l"
    },
    "productPriceWithLoyaltyCard": null,
    "productPricePerUnitWithLoyaltyCard": null,
    "imageUrl": "https://cdn.barbora.lv/products/a056d1bb-f217-41d6-ae96-81d853f45e7b_s.png",
    "available": true,
    "discount": null
  },
  {
    "shop": "RIMI",
    "categories": [
      1,
      1001,
      1001008
    ],
    "productName": "Konjaks Larsen XO 40% 0,7l",
    "productPriceOld": null,
    "productPrice": {
      "value": 99.99,
      "unit": "€/gab"
    },
    "productPricePerUnit": {
      "value": 142.84,
      "unit": "€/l"
    },
    "productPriceWithLoyaltyCard": null,
    "productPricePerUnitWithLoyaltyCard": null,
    "imageUrl": "https://rimibaltic-res.cloudinary.com/image/upload/d_ecommerce:backend-fallback.png/MAT_104862_PCE_LV",
    "available": true,
    "discount": null
  },
  {
    "shop": "RIMI",
    "categories": [
      1,
      1001,
      1001008
    ],
    "productName": "Konjaks Larsen XO 40% 0,7l",
    "productPriceOld": null,
    "productPrice": {
      "value": 99.99,
      "unit": "€/gab"
    },
    "productPricePerUnit": {
      "value": 142.84,
      "unit": "€/l"
    },
    "productPriceWithLoyaltyCard": null,
    "productPricePerUnitWithLoyaltyCard": null,
    "imageUrl": "https://rimibaltic-res.cloudinary.com/image/upload/d_ecommerce:backend-fallback.png/MAT_104862_PCE_LV",
    "available": true,
    "discount": null
  },
  {
    "shop": "RIMI",
    "categories": [
      1,
      1001,
      1001008
    ],
    "productName": "Konjaks Chateau De Montifaud Michel 40% 0,7",
    "productPriceOld": null,
    "productPrice": {
      "value": 105.99,
      "unit": "€/gab"
    },
    "productPricePerUnit": {
      "value": 151.41,
      "unit": "€/l"
    },
    "productPriceWithLoyaltyCard": null,
    "productPricePerUnitWithLoyaltyCard": null,
    "imageUrl": "https://rimibaltic-res.cloudinary.com/image/upload/d_ecommerce:backend-fallback.png/MAT_463315_PCE_LV",
    "available": true,
    "discount": null
  },
  {
    "shop": "MAXIMA",
    "categories": [
      1,
      1001,
      1001009
    ],
    "productName": "Viskijs GLENFIDDICH 18YO 40% 0,7L GB",
    "productPriceOld": null,
    "productPrice": {
      "value": 111.99,
      "unit": "€"
    },
    "productPricePerUnit": {
      "value": 159.99,
      "unit": "€/l"
    },
    "productPriceWithLoyaltyCard": null,
    "productPricePerUnitWithLoyaltyCard": null,
    "imageUrl": "https://cdn.barbora.lv/products/a4776673-5160-4b3f-b6cd-e200df15be9f_s.png",
    "available": true,
    "discount": null
  },
  {
    "shop": "MAXIMA",
    "categories": [
      1,
      1001,
      1001008
    ],
    "productName": "Konjaks MARTELL Cordon Bleu 40% 0,7L GB",
    "productPriceOld": null,
    "productPrice": {
      "value": 150.28,
      "unit": "€"
    },
    "productPricePerUnit": {
      "value": 214.69,
      "unit": "€/l"
    },
    "productPriceWithLoyaltyCard": null,
    "productPricePerUnitWithLoyaltyCard": null,
    "imageUrl": "https://cdn.barbora.lv/products/e01021f2-ee2d-43a6-ad6d-953485eb3199_s.png",
    "available": true,
    "discount": null
  },
  {
    "shop": "MAXIMA",
    "categories": [
      1,
      1001,
      1001007
    ],
    "productName": "Rums ZACAPA XO 40% 0,7l",
    "productPriceOld": null,
    "productPrice": {
      "value": 171.06,
      "unit": "€"
    },
    "productPricePerUnit": {
      "value": 244.37,
      "unit": "€/l"
    },
    "productPriceWithLoyaltyCard": null,
    "productPricePerUnitWithLoyaltyCard": null,
    "imageUrl": "https://cdn.barbora.lv/products/171810aa-df8d-428d-9ff8-58a5a0256912_s.png",
    "available": true,
    "discount": null
  },
  {
    "shop": "MAXIMA",
    "categories": [
      1,
      1001,
      1001008
    ],
    "productName": "Konjaks HENNESSY XO 40% 0,7l",
    "productPriceOld": null,
    "productPrice": {
      "value": 202.99,
      "unit": "€"
    },
    "productPricePerUnit": {
      "value": 289.99,
      "unit": "€/l"
    },
    "productPriceWithLoyaltyCard": null,
    "productPricePerUnitWithLoyaltyCard": null,
    "imageUrl": "https://cdn.barbora.lv/products/95bf87dd-04a4-4933-9c99-197e36a3696d_s.png",
    "available": true,
    "discount": null
  },
  {
    "shop": "MAXIMA",
    "categories": [
      1,
      1001,
      1001008
    ],
    "productName": "Konjaks COURVOISIER XO 40% 0,7l",
    "productPriceOld": null,
    "productPrice": {
      "value": 223.55,
      "unit": "€"
    },
    "productPricePerUnit": {
      "value": 319.36,
      "unit": "€/l"
    },
    "productPriceWithLoyaltyCard": null,
    "productPricePerUnitWithLoyaltyCard": null,
    "imageUrl": "https://cdn.barbora.lv/products/f9de6c90-7a2a-413b-a594-7fff5b7bdf5a_s.png",
    "available": true,
    "discount": null
  },
  {
    "shop": "RIMI",
    "categories": [
      1,
      1001,
      1001008
    ],
    "productName": "Konjaks Hennessy XO 40% 0,7l",
    "productPriceOld": null,
    "productPrice": {
      "value": 235.39,
      "unit": "€/gab"
    },
    "productPricePerUnit": {
      "value": 336.27,
      "unit": "€/l"
    },
    "productPriceWithLoyaltyCard": null,
    "productPricePerUnitWithLoyaltyCard": null,
    "imageUrl": "https://rimibaltic-res.cloudinary.com/image/upload/d_ecommerce:backend-fallback.png/MAT_102021_PCE_LV",
    "available": true,
    "discount": null
  },
  {
    "shop": "RIMI",
    "categories": [
      2,
      2001,
      2001005
    ],
    "productName": "Saldskābmaize Fazer ierauga 500g",
    "productPriceOld": null,
    "productPrice": null,
    "productPricePerUnit": null,
    "productPriceWithLoyaltyCard": null,
    "productPricePerUnitWithLoyaltyCard": null,
    "imageUrl": "https://rimibaltic-res.cloudinary.com/image/upload/d_ecommerce:backend-fallback.png/MAT_4005582_PCE_LV",
    "available": false,
    "discount": null
  },
  {
    "shop": "RIMI",
    "categories": [
      2,
      2001,
      20010011
    ],
    "productName": "Maize Fazer Dzīvā saulespuķu 500g",
    "productPriceOld": null,
    "productPrice": null,
    "productPricePerUnit": null,
    "productPriceWithLoyaltyCard": null,
    "productPricePerUnitWithLoyaltyCard": null,
    "imageUrl": "https://rimibaltic-res.cloudinary.com/image/upload/d_ecommerce:backend-fallback.png/MAT_299565_PCE_LV",
    "available": false,
    "discount": null
  },
  {
    "shop": "RIMI",
    "categories": [
      2,
      2001,
      2001003
    ],
    "productName": "Tostermaize Fazer rudzu ierauga 450g",
    "productPriceOld": null,
    "productPrice": null,
    "productPricePerUnit": null,
    "productPriceWithLoyaltyCard": null,
    "productPricePerUnitWithLoyaltyCard": null,
    "imageUrl": "https://rimibaltic-res.cloudinary.com/image/upload/d_ecommerce:backend-fallback.png/MAT_4005592_PCE_LV",
    "available": false,
    "discount": null
  },
  {
    "shop": "RIMI",
    "categories": [
      2,
      2001,
      2001005
    ],
    "productName": "Kviešu saldskābmaize Lielezers 580g",
    "productPriceOld": null,
    "productPrice": null,
    "productPricePerUnit": null,
    "productPriceWithLoyaltyCard": null,
    "productPricePerUnitWithLoyaltyCard": null,
    "imageUrl": "https://rimibaltic-res.cloudinary.com/image/upload/d_ecommerce:backend-fallback.png/MAT_211435_PCE_LV",
    "available": false,
    "discount": null
  },
  {
    "shop": "RIMI",
    "categories": [
      2,
      2001,
      2001004
    ],
    "productName": "Rudzu maize Zeltene 1/2 sagriezta 390g",
    "productPriceOld": null,
    "productPrice": null,
    "productPricePerUnit": null,
    "productPriceWithLoyaltyCard": null,
    "productPricePerUnitWithLoyaltyCard": null,
    "imageUrl": "https://rimibaltic-res.cloudinary.com/image/upload/d_ecommerce:backend-fallback.png/MAT_290637_PCE_LV",
    "available": false,
    "discount": null
  },
  {
    "shop": "RIMI",
    "categories": [
      2,
      2001,
      2001003,
      2001001
    ],
    "productName": "Tostermaize Fazer pilngraudu vērtīgā 250g",
    "productPriceOld": null,
    "productPrice": null,
    "productPricePerUnit": null,
    "productPriceWithLoyaltyCard": null,
    "productPricePerUnitWithLoyaltyCard": null,
    "imageUrl": "https://rimibaltic-res.cloudinary.com/image/upload/d_ecommerce:backend-fallback.png/MAT_940755_PCE_LV",
    "available": false,
    "discount": null
  },
  {
    "shop": "RIMI",
    "categories": [
      2,
      2001,
      2001002
    ],
    "productName": "Franču bagete Fazer 220g",
    "productPriceOld": null,
    "productPrice": null,
    "productPricePerUnit": null,
    "productPriceWithLoyaltyCard": null,
    "productPricePerUnitWithLoyaltyCard": null,
    "imageUrl": "https://rimibaltic-res.cloudinary.com/image/upload/d_ecommerce:backend-fallback.png/MAT_920602_PCE_LV",
    "available": false,
    "discount": null
  },
  {
    "shop": "RIMI",
    "categories": [
      2,
      2001,
      2001008,
      2001001
    ],
    "productName": "Pilngraudu maize Latvijas graudu 350g",
    "productPriceOld": null,
    "productPrice": null,
    "productPricePerUnit": null,
    "productPriceWithLoyaltyCard": null,
    "productPricePerUnitWithLoyaltyCard": null,
    "imageUrl": "https://rimibaltic-res.cloudinary.com/image/upload/d_ecommerce:backend-fallback.png/MAT_952505_PCE_LV",
    "available": false,
    "discount": null
  },
  {
    "shop": "RIMI",
    "categories": [
      2,
      2001,
      2001003
    ],
    "productName": "Tostermaize Fazer kefīra vērtīgā 450g",
    "productPriceOld": null,
    "productPrice": null,
    "productPricePerUnit": null,
    "productPriceWithLoyaltyCard": null,
    "productPricePerUnitWithLoyaltyCard": null,
    "imageUrl": "https://rimibaltic-res.cloudinary.com/image/upload/d_ecommerce:backend-fallback.png/MAT_929155_PCE_LV",
    "available": false,
    "discount": null
  },
  {
    "shop": "RIMI",
    "categories": [
      2,
      2001,
      20010011
    ],
    "productName": "Tumšā sēklu maize Pļavas vizbulīte 300g",
    "productPriceOld": null,
    "productPrice": null,
    "productPricePerUnit": null,
    "productPriceWithLoyaltyCard": null,
    "productPricePerUnitWithLoyaltyCard": null,
    "imageUrl": "https://rimibaltic-res.cloudinary.com/image/upload/d_ecommerce:backend-fallback.png/MAT_4006313_PCE_LV",
    "available": false,
    "discount": null
  },
  {
    "shop": "RIMI",
    "categories": [
      2,
      2001,
      2001003
    ],
    "productName": "Tosterm. Latvijas Graudu Maize sēk. 450g",
    "productPriceOld": null,
    "productPrice": null,
    "productPricePerUnit": null,
    "productPriceWithLoyaltyCard": null,
    "productPricePerUnitWithLoyaltyCard": null,
    "imageUrl": "https://rimibaltic-res.cloudinary.com/image/upload/d_ecommerce:backend-fallback.png/MAT_4002038_PCE_LV",
    "available": false,
    "discount": null
  },
  {
    "shop": "RIMI",
    "categories": [
      2,
      2001,
      2001004,
      2001001
    ],
    "productName": "Rudzu maize Kuršu pilngraudu 800g",
    "productPriceOld": null,
    "productPrice": null,
    "productPricePerUnit": null,
    "productPriceWithLoyaltyCard": null,
    "productPricePerUnitWithLoyaltyCard": null,
    "imageUrl": "https://rimibaltic-res.cloudinary.com/image/upload/d_ecommerce:backend-fallback.png/MAT_4000817_PCE_LV",
    "available": false,
    "discount": null
  },
  {
    "shop": "RIMI",
    "categories": [
      2,
      2001,
      20010011
    ],
    "productName": "Sēklu bagātīgās maizes šķēles Fazer 400g",
    "productPriceOld": null,
    "productPrice": null,
    "productPricePerUnit": null,
    "productPriceWithLoyaltyCard": null,
    "productPricePerUnitWithLoyaltyCard": null,
    "imageUrl": "https://rimibaltic-res.cloudinary.com/image/upload/d_ecommerce:backend-fallback.png/MAT_940725_PCE_LV",
    "available": false,
    "discount": null
  },
  {
    "shop": "RIMI",
    "categories": [
      2,
      2001,
      20010014
    ],
    "productName": "Maiz. Fazer Street Food tumšās doniņas 330g",
    "productPriceOld": null,
    "productPrice": null,
    "productPricePerUnit": null,
    "productPriceWithLoyaltyCard": null,
    "productPricePerUnitWithLoyaltyCard": null,
    "imageUrl": "https://rimibaltic-res.cloudinary.com/image/upload/d_ecommerce:backend-fallback.png/MAT_4001992_PCE_LV",
    "available": false,
    "discount": null
  },
  {
    "shop": "RIMI",
    "categories": [
      2,
      2001,
      2001004
    ],
    "productName": "Rudzu maize Druva Spēkav.800g",
    "productPriceOld": null,
    "productPrice": null,
    "productPricePerUnit": null,
    "productPriceWithLoyaltyCard": null,
    "productPricePerUnitWithLoyaltyCard": null,
    "imageUrl": "https://rimibaltic-res.cloudinary.com/image/upload/d_ecommerce:backend-fallback.png/MAT_905019_PCE_LV",
    "available": false,
    "discount": null
  },
  {
    "shop": "RIMI",
    "categories": [
      2,
      2001,
      20010010
    ],
    "productName": "Auzu polārmaize Fazer ar kartupeļiem 310g",
    "productPriceOld": null,
    "productPrice": null,
    "productPricePerUnit": null,
    "productPriceWithLoyaltyCard": null,
    "productPricePerUnitWithLoyaltyCard": null,
    "imageUrl": "https://rimibaltic-res.cloudinary.com/image/upload/d_ecommerce:backend-fallback.png/MAT_996800_PCE_LV",
    "available": false,
    "discount": null
  },
  {
    "shop": "RIMI",
    "categories": [
      2,
      2001,
      20010015
    ],
    "productName": "Arābu maize Oriental 4gab. 250g",
    "productPriceOld": null,
    "productPrice": null,
    "productPricePerUnit": null,
    "productPriceWithLoyaltyCard": null,
    "productPricePerUnitWithLoyaltyCard": null,
    "imageUrl": "https://rimibaltic-res.cloudinary.com/image/upload/d_ecommerce:backend-fallback.png/MAT_273606_PCE_LV",
    "available": false,
    "discount": null
  },
  {
    "shop": "RIMI",
    "categories": [
      2,
      2001,
      2001003
    ],
    "productName": "Polārmaize Fazer sendviču 450g",
    "productPriceOld": null,
    "productPrice": null,
    "productPricePerUnit": null,
    "productPriceWithLoyaltyCard": null,
    "productPricePerUnitWithLoyaltyCard": null,
    "imageUrl": "https://rimibaltic-res.cloudinary.com/image/upload/d_ecommerce:backend-fallback.png/MAT_4005583_PCE_LV",
    "available": false,
    "discount": null
  },
  {
    "shop": "RIMI",
    "categories": [
      2,
      2001,
      2001009
    ],
    "productName": "Maiziņš burgeru 240g",
    "productPriceOld": null,
    "productPrice": null,
    "productPricePerUnit": null,
    "productPriceWithLoyaltyCard": null,
    "productPricePerUnitWithLoyaltyCard": null,
    "imageUrl": "https://rimibaltic-res.cloudinary.com/image/upload/d_ecommerce:backend-fallback.png/MAT_947693_PCE_LV",
    "available": false,
    "discount": null
  },
  {
    "shop": "RIMI",
    "categories": [
      2,
      2001,
      20010015
    ],
    "productName": "Kebaba maize 210g",
    "productPriceOld": null,
    "productPrice": null,
    "productPricePerUnit": null,
    "productPriceWithLoyaltyCard": null,
    "productPricePerUnitWithLoyaltyCard": null,
    "imageUrl": "https://rimibaltic-res.cloudinary.com/image/upload/d_ecommerce:backend-fallback.png/MAT_900600_PCE_LV",
    "available": false,
    "discount": null
  },
  {
    "shop": "RIMI",
    "categories": [
      2,
      2001,
      2001003
    ],
    "productName": "Tostermaize Tostē mazā sēklu 250g",
    "productPriceOld": null,
    "productPrice": null,
    "productPricePerUnit": null,
    "productPriceWithLoyaltyCard": null,
    "productPricePerUnitWithLoyaltyCard": null,
    "imageUrl": "https://rimibaltic-res.cloudinary.com/image/upload/d_ecommerce:backend-fallback.png/MAT_981717_PCE_LV",
    "available": false,
    "discount": null
  },
  {
    "shop": "RIMI",
    "categories": [
      2,
      2001,
      20010015
    ],
    "productName": "Lavašs spinātu 190g",
    "productPriceOld": null,
    "productPrice": null,
    "productPricePerUnit": null,
    "productPriceWithLoyaltyCard": null,
    "productPricePerUnitWithLoyaltyCard": null,
    "imageUrl": "https://rimibaltic-res.cloudinary.com/image/upload/d_ecommerce:backend-fallback.png/MAT_947383_PCE_LV",
    "available": false,
    "discount": null
  },
  {
    "shop": "RIMI",
    "categories": [
      2,
      2002
    ],
    "productName": "Biezpiena torte ar avenēm 500g",
    "productPriceOld": null,
    "productPrice": null,
    "productPricePerUnit": null,
    "productPriceWithLoyaltyCard": null,
    "productPricePerUnitWithLoyaltyCard": null,
    "imageUrl": "https://rimibaltic-res.cloudinary.com/image/upload/d_ecommerce:backend-fallback.png/MAT_955936_PCE_LV",
    "available": false,
    "discount": null
  },
  {
    "shop": "RIMI",
    "categories": [
      2,
      2001,
      20010011
    ],
    "productName": "Sēklu maize Pļavas saulespuķu 300g",
    "productPriceOld": null,
    "productPrice": null,
    "productPricePerUnit": null,
    "productPriceWithLoyaltyCard": null,
    "productPricePerUnitWithLoyaltyCard": null,
    "imageUrl": "https://rimibaltic-res.cloudinary.com/image/upload/d_ecommerce:backend-fallback.png/MAT_4006320_PCE_LV",
    "available": false,
    "discount": null
  },
  {
    "shop": "RIMI",
    "categories": [
      2,
      20010
    ],
    "productName": "Speķa rausīši Liepkalni 250g",
    "productPriceOld": null,
    "productPrice": null,
    "productPricePerUnit": null,
    "productPriceWithLoyaltyCard": null,
    "productPricePerUnitWithLoyaltyCard": null,
    "imageUrl": "https://rimibaltic-res.cloudinary.com/image/upload/d_ecommerce:backend-fallback.png/MAT_981088_PCE_LV",
    "available": false,
    "discount": null
  },
  {
    "shop": "RIMI",
    "categories": [
      2,
      2001,
      2001008
    ],
    "productName": "Maize Latvijas Graudu sēklu 300g",
    "productPriceOld": null,
    "productPrice": null,
    "productPricePerUnit": null,
    "productPriceWithLoyaltyCard": null,
    "productPricePerUnitWithLoyaltyCard": null,
    "imageUrl": "https://rimibaltic-res.cloudinary.com/image/upload/d_ecommerce:backend-fallback.png/MAT_4006184_PCE_LV",
    "available": false,
    "discount": null
  },
  {
    "shop": "RIMI",
    "categories": [
      2,
      2001,
      20010011
    ],
    "productName": "Maize Zeltene sēklu 390g",
    "productPriceOld": null,
    "productPrice": null,
    "productPricePerUnit": null,
    "productPriceWithLoyaltyCard": null,
    "productPricePerUnitWithLoyaltyCard": null,
    "imageUrl": "https://rimibaltic-res.cloudinary.com/image/upload/d_ecommerce:backend-fallback.png/MAT_930895_PCE_LV",
    "available": false,
    "discount": null
  },
  {
    "shop": "RIMI",
    "categories": [
      2,
      2001,
      20010014
    ],
    "productName": "Maiz. Fazer Street Food gaišās doniņas 220g",
    "productPriceOld": null,
    "productPrice": null,
    "productPricePerUnit": null,
    "productPriceWithLoyaltyCard": null,
    "productPricePerUnitWithLoyaltyCard": null,
    "imageUrl": "https://rimibaltic-res.cloudinary.com/image/upload/d_ecommerce:backend-fallback.png/MAT_4001935_PCE_LV",
    "available": false,
    "discount": null
  },
  {
    "shop": "RIMI",
    "categories": [
      2,
      2001,
      2001004
    ],
    "productName": "Rudzu maize Jumis lielgraudu ar sēklām 340g",
    "productPriceOld": null,
    "productPrice": null,
    "productPricePerUnit": null,
    "productPriceWithLoyaltyCard": null,
    "productPricePerUnitWithLoyaltyCard": null,
    "imageUrl": "https://rimibaltic-res.cloudinary.com/image/upload/d_ecommerce:backend-fallback.png/MAT_986846_PCE_LV",
    "available": false,
    "discount": null
  },
  {
    "shop": "RIMI",
    "categories": [
      2,
      2001,
      2001009
    ],
    "productName": "Saldā čili burgeru maize Maiziņš 240g",
    "productPriceOld": null,
    "productPrice": null,
    "productPricePerUnit": null,
    "productPriceWithLoyaltyCard": null,
    "productPricePerUnitWithLoyaltyCard": null,
    "imageUrl": "https://rimibaltic-res.cloudinary.com/image/upload/d_ecommerce:backend-fallback.png/MAT_4003767_PCE_LV",
    "available": false,
    "discount": null
  },
  {
    "shop": "RIMI",
    "categories": [
      2,
      2005
    ],
    "productName": "Kūka Rimi ,aprikožu-biezpiena 310g",
    "productPriceOld": null,
    "productPrice": null,
    "productPricePerUnit": null,
    "productPriceWithLoyaltyCard": null,
    "productPricePerUnitWithLoyaltyCard": null,
    "imageUrl": "https://rimibaltic-res.cloudinary.com/image/upload/d_ecommerce:backend-fallback.png/MAT_811628_PCE_LV",
    "available": false,
    "discount": null
  },
  {
    "shop": "RIMI",
    "categories": [
      2,
      2001,
      20010011
    ],
    "productName": "Tumšā maize Lāči sēklu 250g",
    "productPriceOld": null,
    "productPrice": null,
    "productPricePerUnit": null,
    "productPriceWithLoyaltyCard": null,
    "productPricePerUnitWithLoyaltyCard": null,
    "imageUrl": "https://rimibaltic-res.cloudinary.com/image/upload/d_ecommerce:backend-fallback.png/MAT_4006138_PCE_LV",
    "available": false,
    "discount": null
  },
  {
    "shop": "RIMI",
    "categories": [
      2,
      2001,
      20010014
    ],
    "productName": "Maizītes Schulstad Hot Dogu 180g",
    "productPriceOld": null,
    "productPrice": null,
    "productPricePerUnit": null,
    "productPriceWithLoyaltyCard": null,
    "productPricePerUnitWithLoyaltyCard": null,
    "imageUrl": "https://rimibaltic-res.cloudinary.com/image/upload/d_ecommerce:backend-fallback.png/MAT_4006139_PCE_LV",
    "available": false,
    "discount": null
  },
  {
    "shop": "RIMI",
    "categories": [
      2,
      2001,
      20010015
    ],
    "productName": "Maize Oriental Arābu mini 320g",
    "productPriceOld": null,
    "productPrice": null,
    "productPricePerUnit": null,
    "productPriceWithLoyaltyCard": null,
    "productPricePerUnitWithLoyaltyCard": null,
    "imageUrl": "https://rimibaltic-res.cloudinary.com/image/upload/d_ecommerce:backend-fallback.png/MAT_4006126_PCE_LV",
    "available": false,
    "discount": null
  },
  {
    "shop": "RIMI",
    "categories": [
      2,
      2001,
      2001008,
      2001001
    ],
    "productName": "Kebabu maizīte Prima Foods pilngraudu 210g",
    "productPriceOld": null,
    "productPrice": null,
    "productPricePerUnit": null,
    "productPriceWithLoyaltyCard": null,
    "productPricePerUnitWithLoyaltyCard": null,
    "imageUrl": "https://rimibaltic-res.cloudinary.com/image/upload/d_ecommerce:backend-fallback.png/MAT_996288_PCE_LV",
    "available": false,
    "discount": null
  },
  {
    "shop": "RIMI",
    "categories": [
      2,
      2001,
      20010014
    ],
    "productName": "Sīpolmaize 270g",
    "productPriceOld": null,
    "productPrice": null,
    "productPricePerUnit": null,
    "productPriceWithLoyaltyCard": null,
    "productPricePerUnitWithLoyaltyCard": null,
    "imageUrl": "https://rimibaltic-res.cloudinary.com/image/upload/d_ecommerce:backend-fallback.png/MAT_915189_PCE_LV",
    "available": false,
    "discount": null
  },
  {
    "shop": "RIMI",
    "categories": [
      2,
      2005
    ],
    "productName": "Rulete Rulē aveņu 300g",
    "productPriceOld": null,
    "productPrice": null,
    "productPricePerUnit": null,
    "productPriceWithLoyaltyCard": null,
    "productPricePerUnitWithLoyaltyCard": null,
    "imageUrl": "https://rimibaltic-res.cloudinary.com/image/upload/d_ecommerce:backend-fallback.png/MAT_965212_PCE_LV",
    "available": false,
    "discount": null
  },
  {
    "shop": "RIMI",
    "categories": [
      2,
      2005
    ],
    "productName": "Kūciņu izlase 400g",
    "productPriceOld": null,
    "productPrice": null,
    "productPricePerUnit": null,
    "productPriceWithLoyaltyCard": null,
    "productPricePerUnitWithLoyaltyCard": null,
    "imageUrl": "https://rimibaltic-res.cloudinary.com/image/upload/d_ecommerce:backend-fallback.png/MAT_940890_PCE_LV",
    "available": false,
    "discount": null
  },
  {
    "shop": "RIMI",
    "categories": [
      2,
      2002
    ],
    "productName": "Torte Ozoliņš Ābeļzieds jogurta 1.2kg",
    "productPriceOld": null,
    "productPrice": null,
    "productPricePerUnit": null,
    "productPriceWithLoyaltyCard": null,
    "productPricePerUnitWithLoyaltyCard": null,
    "imageUrl": "https://rimibaltic-res.cloudinary.com/image/upload/d_ecommerce:backend-fallback.png/MAT_217963_PCE_LV",
    "available": false,
    "discount": null
  },
  {
    "shop": "RIMI",
    "categories": [
      2,
      2009
    ],
    "productName": "Eklēru izlase Liepkalni 360g",
    "productPriceOld": null,
    "productPrice": null,
    "productPricePerUnit": null,
    "productPriceWithLoyaltyCard": null,
    "productPricePerUnitWithLoyaltyCard": null,
    "imageUrl": "https://rimibaltic-res.cloudinary.com/image/upload/d_ecommerce:backend-fallback.png/MAT_929207_PCE_LV",
    "available": false,
    "discount": null
  },
  {
    "shop": "RIMI",
    "categories": [
      2,
      2002
    ],
    "productName": "Torte Ozoliņš Ringla šokolādes 1kg",
    "productPriceOld": null,
    "productPrice": null,
    "productPricePerUnit": null,
    "productPriceWithLoyaltyCard": null,
    "productPricePerUnitWithLoyaltyCard": null,
    "imageUrl": "https://rimibaltic-res.cloudinary.com/image/upload/d_ecommerce:backend-fallback.png/MAT_217961_PCE_LV",
    "available": false,
    "discount": null
  },
  {
    "shop": "RIMI",
    "categories": [
      2,
      2001,
      2001002
    ],
    "productName": "Baltmaize dienišķā 500g",
    "productPriceOld": null,
    "productPrice": null,
    "productPricePerUnit": null,
    "productPriceWithLoyaltyCard": null,
    "productPricePerUnitWithLoyaltyCard": null,
    "imageUrl": "https://rimibaltic-res.cloudinary.com/image/upload/d_ecommerce:backend-fallback.png/MAT_222628_PCE_LV",
    "available": false,
    "discount": null
  },
  {
    "shop": "RIMI",
    "categories": [
      2,
      2009
    ],
    "productName": "Eklēru izlase MIX 300g",
    "productPriceOld": null,
    "productPrice": null,
    "productPricePerUnit": null,
    "productPriceWithLoyaltyCard": null,
    "productPricePerUnitWithLoyaltyCard": null,
    "imageUrl": "https://rimibaltic-res.cloudinary.com/image/upload/d_ecommerce:backend-fallback.png/MAT_968517_PCE_LV",
    "available": false,
    "discount": null
  },
  {
    "shop": "RIMI",
    "categories": [
      2,
      2002
    ],
    "productName": "Skāba krējuma torte Umka ar upenēm 700g",
    "productPriceOld": null,
    "productPrice": null,
    "productPricePerUnit": null,
    "productPriceWithLoyaltyCard": null,
    "productPricePerUnitWithLoyaltyCard": null,
    "imageUrl": "https://rimibaltic-res.cloudinary.com/image/upload/d_ecommerce:backend-fallback.png/MAT_4005538_PCE_LV",
    "available": false,
    "discount": null
  },
  {
    "shop": "RIMI",
    "categories": [
      2,
      2002
    ],
    "productName": "Torte Odziņa saldā krējuma 1,3kg",
    "productPriceOld": null,
    "productPrice": null,
    "productPricePerUnit": null,
    "productPriceWithLoyaltyCard": null,
    "productPricePerUnitWithLoyaltyCard": null,
    "imageUrl": "https://rimibaltic-res.cloudinary.com/image/upload/d_ecommerce:backend-fallback.png/MAT_274816_PCE_LV",
    "available": false,
    "discount": null
  },
  {
    "shop": "RIMI",
    "categories": [
      2,
      2002
    ],
    "productName": "Torte Pellija Ruma 1kg",
    "productPriceOld": null,
    "productPrice": null,
    "productPricePerUnit": null,
    "productPriceWithLoyaltyCard": null,
    "productPricePerUnitWithLoyaltyCard": null,
    "imageUrl": "https://rimibaltic-res.cloudinary.com/image/upload/d_ecommerce:backend-fallback.png/MAT_274870_PCE_LV",
    "available": false,
    "discount": null
  },
  {
    "shop": "RIMI",
    "categories": [
      2,
      2002
    ],
    "productName": "Torte Paula ar iebiezināto pienu 1kg",
    "productPriceOld": null,
    "productPrice": null,
    "productPricePerUnit": null,
    "productPriceWithLoyaltyCard": null,
    "productPricePerUnitWithLoyaltyCard": null,
    "imageUrl": "https://rimibaltic-res.cloudinary.com/image/upload/d_ecommerce:backend-fallback.png/MAT_282371_PCE_LV",
    "available": false,
    "discount": null
  },
  {
    "shop": "RIMI",
    "categories": [
      2,
      2001,
      2001005
    ],
    "productName": "Saldskābmaize vaiņodes griezta 700g",
    "productPriceOld": null,
    "productPrice": null,
    "productPricePerUnit": null,
    "productPriceWithLoyaltyCard": null,
    "productPricePerUnitWithLoyaltyCard": null,
    "imageUrl": "https://rimibaltic-res.cloudinary.com/image/upload/d_ecommerce:backend-fallback.png/MAT_297173_PCE_LV",
    "available": false,
    "discount": null
  },
  {
    "shop": "RIMI",
    "categories": [
      2,
      2002
    ],
    "productName": "Deserta torte Cake Break Šokolādes 700g",
    "productPriceOld": null,
    "productPrice": null,
    "productPricePerUnit": null,
    "productPriceWithLoyaltyCard": null,
    "productPricePerUnitWithLoyaltyCard": null,
    "imageUrl": "https://rimibaltic-res.cloudinary.com/image/upload/d_ecommerce:backend-fallback.png/MAT_4005808_PCE_LV",
    "available": false,
    "discount": null
  },
  {
    "shop": "RIMI",
    "categories": [
      2,
      2002
    ],
    "productName": "Torte biezpiena Brūklenīte mazkaloriju 1,1kg",
    "productPriceOld": null,
    "productPrice": null,
    "productPricePerUnit": null,
    "productPriceWithLoyaltyCard": null,
    "productPricePerUnitWithLoyaltyCard": null,
    "imageUrl": "https://rimibaltic-res.cloudinary.com/image/upload/d_ecommerce:backend-fallback.png/MAT_906709_PCE_LV",
    "available": false,
    "discount": null
  },
  {
    "shop": "RIMI",
    "categories": [
      2,
      2001,
      20010014
    ],
    "productName": "Rozīņmaize pītā 300g",
    "productPriceOld": null,
    "productPrice": null,
    "productPricePerUnit": null,
    "productPriceWithLoyaltyCard": null,
    "productPricePerUnitWithLoyaltyCard": null,
    "imageUrl": "https://rimibaltic-res.cloudinary.com/image/upload/d_ecommerce:backend-fallback.png/MAT_222640_PCE_LV",
    "available": false,
    "discount": null
  },
  {
    "shop": "RIMI",
    "categories": [
      2,
      2002
    ],
    "productName": "Deserta torte Cake Break Saldais Sapnis 700g",
    "productPriceOld": null,
    "productPrice": null,
    "productPricePerUnit": null,
    "productPriceWithLoyaltyCard": null,
    "productPricePerUnitWithLoyaltyCard": null,
    "imageUrl": "https://rimibaltic-res.cloudinary.com/image/upload/d_ecommerce:backend-fallback.png/MAT_4005822_PCE_LV",
    "available": false,
    "discount": null
  },
  {
    "shop": "RIMI",
    "categories": [
      2,
      2001,
      20010014
    ],
    "productName": "Maize Dona ar speķi 300g",
    "productPriceOld": null,
    "productPrice": null,
    "productPricePerUnit": null,
    "productPriceWithLoyaltyCard": null,
    "productPricePerUnitWithLoyaltyCard": null,
    "imageUrl": "https://rimibaltic-res.cloudinary.com/image/upload/d_ecommerce:backend-fallback.png/MAT_4004536_PCE_LV",
    "available": false,
    "discount": null
  },
  {
    "shop": "RIMI",
    "categories": [
      2,
      2002
    ],
    "productName": "Torte Ozoliņš Napoleona vainags 1.5kg",
    "productPriceOld": null,
    "productPrice": null,
    "productPricePerUnit": null,
    "productPriceWithLoyaltyCard": null,
    "productPricePerUnitWithLoyaltyCard": null,
    "imageUrl": "https://rimibaltic-res.cloudinary.com/image/upload/d_ecommerce:backend-fallback.png/MAT_218566_PCE_LV",
    "available": false,
    "discount": null
  },
  {
    "shop": "RIMI",
    "categories": [
      2,
      2001,
      20010015
    ],
    "productName": "Grauzdiņi Zeltenes ar ķiplokiem 300g",
    "productPriceOld": null,
    "productPrice": null,
    "productPricePerUnit": null,
    "productPriceWithLoyaltyCard": null,
    "productPricePerUnitWithLoyaltyCard": null,
    "imageUrl": "https://rimibaltic-res.cloudinary.com/image/upload/d_ecommerce:backend-fallback.png/MAT_964803_PCE_LV",
    "available": false,
    "discount": null
  },
  {
    "shop": "RIMI",
    "categories": [
      2,
      2002
    ],
    "productName": "Tarte aveņu, baltās šok. - kokosr. pild. 700g",
    "productPriceOld": null,
    "productPrice": null,
    "productPricePerUnit": null,
    "productPriceWithLoyaltyCard": null,
    "productPricePerUnitWithLoyaltyCard": null,
    "imageUrl": "https://rimibaltic-res.cloudinary.com/image/upload/d_ecommerce:backend-fallback.png/MAT_980818_PCE_LV",
    "available": false,
    "discount": null
  },
  {
    "shop": "RIMI",
    "categories": [
      2,
      20011
    ],
    "productName": "Smalkmaizīte ar banānu 80g",
    "productPriceOld": null,
    "productPrice": null,
    "productPricePerUnit": null,
    "productPriceWithLoyaltyCard": null,
    "productPricePerUnitWithLoyaltyCard": null,
    "imageUrl": "https://rimibaltic-res.cloudinary.com/image/upload/d_ecommerce:backend-fallback.png/MAT_222793_PCE_LV",
    "available": false,
    "discount": null
  },
  {
    "shop": "RIMI",
    "categories": [
      2,
      2001,
      2001004
    ],
    "productName": "Rudzu maize ar kaņepēm 400g",
    "productPriceOld": null,
    "productPrice": null,
    "productPricePerUnit": null,
    "productPriceWithLoyaltyCard": null,
    "productPricePerUnitWithLoyaltyCard": null,
    "imageUrl": "https://rimibaltic-res.cloudinary.com/image/upload/d_ecommerce:backend-fallback.png/MAT_939637_PCE_LV",
    "available": false,
    "discount": null
  },
  {
    "shop": "RIMI",
    "categories": [
      2,
      2005
    ],
    "productName": "Putukrējuma kūka Latvijas Maiznieks Vējo 450g",
    "productPriceOld": null,
    "productPrice": null,
    "productPricePerUnit": null,
    "productPriceWithLoyaltyCard": null,
    "productPricePerUnitWithLoyaltyCard": null,
    "imageUrl": "https://rimibaltic-res.cloudinary.com/image/upload/d_ecommerce:backend-fallback.png/MAT_995824_PCE_LV",
    "available": false,
    "discount": null
  },
  {
    "shop": "RIMI",
    "categories": [
      2,
      2001,
      2001004
    ],
    "productName": "Gaišā rudzu maize Rustika 500 g",
    "productPriceOld": null,
    "productPrice": null,
    "productPricePerUnit": null,
    "productPriceWithLoyaltyCard": null,
    "productPricePerUnitWithLoyaltyCard": null,
    "imageUrl": "https://rimibaltic-res.cloudinary.com/image/upload/d_ecommerce:backend-fallback.png/MAT_999145_PCE_LV",
    "available": false,
    "discount": null
  },
  {
    "shop": "RIMI",
    "categories": [
      2,
      2001,
      20010015
    ],
    "productName": "Rollini  ar sēnēm 95g",
    "productPriceOld": null,
    "productPrice": null,
    "productPricePerUnit": null,
    "productPriceWithLoyaltyCard": null,
    "productPricePerUnitWithLoyaltyCard": null,
    "imageUrl": "https://rimibaltic-res.cloudinary.com/image/upload/d_ecommerce:backend-fallback.png/MAT_4005550_PCE_LV",
    "available": false,
    "discount": null
  },
  {
    "shop": "RIMI",
    "categories": [
      2,
      2001,
      2001007
    ],
    "productName": "Maize Latvijas Graudu kliju 500g",
    "productPriceOld": null,
    "productPrice": null,
    "productPricePerUnit": null,
    "productPriceWithLoyaltyCard": null,
    "productPricePerUnitWithLoyaltyCard": null,
    "imageUrl": "https://rimibaltic-res.cloudinary.com/image/upload/d_ecommerce:backend-fallback.png/MAT_4005736_PCE_LV",
    "available": false,
    "discount": null
  },
  {
    "shop": "RIMI",
    "categories": [
      2,
      2001,
      20010015
    ],
    "productName": "Rollini ar vistas gaļu un sēnēm 95g",
    "productPriceOld": null,
    "productPrice": null,
    "productPricePerUnit": null,
    "productPriceWithLoyaltyCard": null,
    "productPricePerUnitWithLoyaltyCard": null,
    "imageUrl": "https://rimibaltic-res.cloudinary.com/image/upload/d_ecommerce:backend-fallback.png/MAT_4002696_PCE_LV",
    "available": false,
    "discount": null
  },
  {
    "shop": "RIMI",
    "categories": [
      2,
      2001,
      20010015
    ],
    "productName": "Rollini ar brinzas sieru-spinātiem 95g",
    "productPriceOld": null,
    "productPrice": null,
    "productPricePerUnit": null,
    "productPriceWithLoyaltyCard": null,
    "productPricePerUnitWithLoyaltyCard": null,
    "imageUrl": "https://rimibaltic-res.cloudinary.com/image/upload/d_ecommerce:backend-fallback.png/MAT_4002697_PCE_LV",
    "available": false,
    "discount": null
  },
  {
    "shop": "RIMI",
    "categories": [
      1,
      1002,
      10010026
    ],
    "productName": "Bagete ar sieru 270g",
    "productPriceOld": null,
    "productPrice": null,
    "productPricePerUnit": null,
    "productPriceWithLoyaltyCard": null,
    "productPricePerUnitWithLoyaltyCard": null,
    "imageUrl": "https://rimibaltic-res.cloudinary.com/image/upload/d_ecommerce:backend-fallback.png/MAT_902944_PCE_LV",
    "available": false,
    "discount": null
  },
  {
    "shop": "RIMI",
    "categories": [
      2,
      2002
    ],
    "productName": "Torte Ozoliņš Ābeļzieds jogurta 1.5kg",
    "productPriceOld": null,
    "productPrice": null,
    "productPricePerUnit": null,
    "productPriceWithLoyaltyCard": null,
    "productPricePerUnitWithLoyaltyCard": null,
    "imageUrl": "https://rimibaltic-res.cloudinary.com/image/upload/d_ecommerce:backend-fallback.png/MAT_217962_PCE_LV",
    "available": false,
    "discount": null
  },
  {
    "shop": "RIMI",
    "categories": [
      2,
      2002
    ],
    "productName": "Torte Ozoliņš Ieviņa biezpiena 1.2kg",
    "productPriceOld": null,
    "productPrice": null,
    "productPricePerUnit": null,
    "productPriceWithLoyaltyCard": null,
    "productPricePerUnitWithLoyaltyCard": null,
    "imageUrl": "https://rimibaltic-res.cloudinary.com/image/upload/d_ecommerce:backend-fallback.png/MAT_266944_PCE_LV",
    "available": false,
    "discount": null
  },
  {
    "shop": "RIMI",
    "categories": [
      1,
      1002,
      10010020
    ],
    "productName": "Sula Selection by Rimi apelsīnu 100% 1l",
    "productPriceOld": null,
    "productPrice": null,
    "productPricePerUnit": null,
    "productPriceWithLoyaltyCard": null,
    "productPricePerUnitWithLoyaltyCard": null,
    "imageUrl": "https://rimibaltic-res.cloudinary.com/image/upload/d_ecommerce:backend-fallback.png/MAT_807931_PCE_LV",
    "available": false,
    "discount": null
  },
  {
    "shop": "RIMI",
    "categories": [
      1,
      1002,
      10010020
    ],
    "productName": "Deser. smūt. Sel. by Rimi Blueb. muffin 250ml",
    "productPriceOld": null,
    "productPrice": null,
    "productPricePerUnit": null,
    "productPriceWithLoyaltyCard": null,
    "productPricePerUnitWithLoyaltyCard": null,
    "imageUrl": "https://rimibaltic-res.cloudinary.com/image/upload/d_ecommerce:backend-fallback.png/MAT_1375060_PCE_LV",
    "available": false,
    "discount": null
  },
  {
    "shop": "RIMI",
    "categories": [
      1,
      1002,
      10010020
    ],
    "productName": "Sula Cappy apelsīnu 100% 1l",
    "productPriceOld": null,
    "productPrice": null,
    "productPricePerUnit": null,
    "productPriceWithLoyaltyCard": null,
    "productPricePerUnitWithLoyaltyCard": null,
    "imageUrl": "https://rimibaltic-res.cloudinary.com/image/upload/d_ecommerce:backend-fallback.png/MAT_1356011_PCE_LV",
    "available": false,
    "discount": null
  },
  {
    "shop": "RIMI",
    "categories": [
      1,
      1002,
      10010022
    ],
    "productName": "Ener. dzēr. Monster Rio Punch ar saldin. 0,5l",
    "productPriceOld": null,
    "productPrice": null,
    "productPricePerUnit": null,
    "productPriceWithLoyaltyCard": null,
    "productPricePerUnitWithLoyaltyCard": null,
    "imageUrl": "https://rimibaltic-res.cloudinary.com/image/upload/d_ecommerce:backend-fallback.png/MAT_1375180_PCE_LV",
    "available": false,
    "discount": null
  },
  {
    "shop": "RIMI",
    "categories": [
      1,
      1002,
      10010020
    ],
    "productName": "Sulas dzēriens Tymbark multivitamīnu 2l",
    "productPriceOld": null,
    "productPrice": null,
    "productPricePerUnit": null,
    "productPriceWithLoyaltyCard": null,
    "productPricePerUnitWithLoyaltyCard": null,
    "imageUrl": "https://rimibaltic-res.cloudinary.com/image/upload/d_ecommerce:backend-fallback.png/MAT_135276_PCE_LV",
    "available": false,
    "discount": null
  },
  {
    "shop": "RIMI",
    "categories": [
      1,
      1002,
      10010025
    ],
    "productName": "Sīrups I Love Eco rabarberu, ābolu 0,5l",
    "productPriceOld": null,
    "productPrice": null,
    "productPricePerUnit": null,
    "productPriceWithLoyaltyCard": null,
    "productPricePerUnitWithLoyaltyCard": null,
    "imageUrl": "https://rimibaltic-res.cloudinary.com/image/upload/d_ecommerce:backend-fallback.png/MAT_810279_PCE_LV",
    "available": false,
    "discount": null
  },
  {
    "shop": "RIMI",
    "categories": [
      1,
      1002,
      10010020
    ],
    "productName": "Nektārs Tymbark banānu 1l",
    "productPriceOld": null,
    "productPrice": null,
    "productPricePerUnit": null,
    "productPriceWithLoyaltyCard": null,
    "productPricePerUnitWithLoyaltyCard": null,
    "imageUrl": "https://rimibaltic-res.cloudinary.com/image/upload/d_ecommerce:backend-fallback.png/MAT_158843_PCE_LV",
    "available": false,
    "discount": null
  },
  {
    "shop": "RIMI",
    "categories": [
      1,
      1002,
      10010024
    ],
    "productName": "Ūdens ar ābolu un cidoniju garšu 0,5l",
    "productPriceOld": null,
    "productPrice": null,
    "productPricePerUnit": null,
    "productPriceWithLoyaltyCard": null,
    "productPricePerUnitWithLoyaltyCard": null,
    "imageUrl": "https://rimibaltic-res.cloudinary.com/image/upload/d_ecommerce:backend-fallback.png/MAT_1363729_PCE_LV",
    "available": false,
    "discount": null
  },
  {
    "shop": "RIMI",
    "categories": [
      1,
      1002,
      10010020
    ],
    "productName": "Nektārs Cappy multivitamīnu 1l",
    "productPriceOld": null,
    "productPrice": null,
    "productPricePerUnit": null,
    "productPriceWithLoyaltyCard": null,
    "productPricePerUnitWithLoyaltyCard": null,
    "imageUrl": "https://rimibaltic-res.cloudinary.com/image/upload/d_ecommerce:backend-fallback.png/MAT_1356012_PCE_LV",
    "available": false,
    "discount": null
  },
  {
    "shop": "RIMI",
    "categories": [
      2,
      2001,
      20010014
    ],
    "productName": "Sula Elmenhorster dārzeņu 100% 1l",
    "productPriceOld": null,
    "productPrice": null,
    "productPricePerUnit": null,
    "productPriceWithLoyaltyCard": null,
    "productPricePerUnitWithLoyaltyCard": null,
    "imageUrl": "https://rimibaltic-res.cloudinary.com/image/upload/d_ecommerce:backend-fallback.png/MAT_176411_PCE_LV",
    "available": false,
    "discount": null
  },
  {
    "shop": "RIMI",
    "categories": [
      1,
      1002,
      10010021
    ],
    "productName": "Gāzēts dzēr. Coca-Cola Zero stikla pud. 0,33l",
    "productPriceOld": null,
    "productPrice": null,
    "productPricePerUnit": null,
    "productPriceWithLoyaltyCard": null,
    "productPricePerUnitWithLoyaltyCard": null,
    "imageUrl": "https://rimibaltic-res.cloudinary.com/image/upload/d_ecommerce:backend-fallback.png/MAT_1366677_PCE_LV",
    "available": false,
    "discount": null
  },
  {
    "shop": "RIMI",
    "categories": [
      1,
      1002,
      10010020
    ],
    "productName": "Augļu sula Oga ar kivi un ingveru 60ml",
    "productPriceOld": null,
    "productPrice": null,
    "productPricePerUnit": null,
    "productPriceWithLoyaltyCard": null,
    "productPricePerUnitWithLoyaltyCard": null,
    "imageUrl": "https://rimibaltic-res.cloudinary.com/image/upload/d_ecommerce:backend-fallback.png/MAT_4005441_PCE_LV",
    "available": false,
    "discount": null
  },
  {
    "shop": "RIMI",
    "categories": [
      1,
      1002,
      10010027
    ],
    "productName": "Dzēriens Gardu Muti Jāņogu Zelteris 0.5l",
    "productPriceOld": null,
    "productPrice": null,
    "productPricePerUnit": null,
    "productPriceWithLoyaltyCard": null,
    "productPricePerUnitWithLoyaltyCard": null,
    "imageUrl": "https://rimibaltic-res.cloudinary.com/image/upload/d_ecommerce:backend-fallback.png/MAT_1374462_PCE_LV",
    "available": false,
    "discount": null
  },
  {
    "shop": "RIMI",
    "categories": [
      1,
      1002,
      10010022
    ],
    "productName": "Ene.dz.Monster Ultra Strawberry ar sald. 0,5l",
    "productPriceOld": null,
    "productPrice": null,
    "productPricePerUnit": null,
    "productPriceWithLoyaltyCard": null,
    "productPricePerUnitWithLoyaltyCard": null,
    "imageUrl": "https://rimibaltic-res.cloudinary.com/image/upload/d_ecommerce:backend-fallback.png/MAT_1375080_PCE_LV",
    "available": false,
    "discount": null
  },
  {
    "shop": "RIMI",
    "categories": [
      1,
      1003,
      1003005
    ],
    "productName": "Bezalk. dzēr. Thomas Henry Ginger Ale 0,2l",
    "productPriceOld": null,
    "productPrice": null,
    "productPricePerUnit": null,
    "productPriceWithLoyaltyCard": null,
    "productPricePerUnitWithLoyaltyCard": null,
    "imageUrl": "https://rimibaltic-res.cloudinary.com/image/upload/d_ecommerce:backend-fallback.png/MAT_1366269_PCE_LV",
    "available": false,
    "discount": null
  },
  {
    "shop": "RIMI",
    "categories": [
      1,
      1002,
      10010020
    ],
    "productName": "Dzēriens Cido Kids Very Cherry 1,5l",
    "productPriceOld": null,
    "productPrice": null,
    "productPricePerUnit": null,
    "productPriceWithLoyaltyCard": null,
    "productPricePerUnitWithLoyaltyCard": null,
    "imageUrl": "https://rimibaltic-res.cloudinary.com/image/upload/d_ecommerce:backend-fallback.png/MAT_1017446_PCE_LV",
    "available": false,
    "discount": null
  },
  {
    "shop": "RIMI",
    "categories": [
      1,
      1002,
      10010024
    ],
    "productName": "Minerālūdens Stelpes negāzēts 1l",
    "productPriceOld": null,
    "productPrice": null,
    "productPricePerUnit": null,
    "productPriceWithLoyaltyCard": null,
    "productPricePerUnitWithLoyaltyCard": null,
    "imageUrl": "https://rimibaltic-res.cloudinary.com/image/upload/d_ecommerce:backend-fallback.png/MAT_1373450_PCE_LV",
    "available": false,
    "discount": null
  },
  {
    "shop": "RIMI",
    "categories": [
      1,
      1003,
      1003002
    ],
    "productName": "Sidrs Dārza bezalkoholiskais 0,5l",
    "productPriceOld": null,
    "productPrice": null,
    "productPricePerUnit": null,
    "productPriceWithLoyaltyCard": null,
    "productPricePerUnitWithLoyaltyCard": null,
    "imageUrl": "https://rimibaltic-res.cloudinary.com/image/upload/d_ecommerce:backend-fallback.png/MAT_1367258_PCE_LV",
    "available": false,
    "discount": null
  },
  {
    "shop": "RIMI",
    "categories": [
      1,
      1003,
      1003001
    ],
    "productName": "Alus Brooklyn bezalkoholiskais 0,4% 0,33l",
    "productPriceOld": null,
    "productPrice": null,
    "productPricePerUnit": null,
    "productPriceWithLoyaltyCard": null,
    "productPricePerUnitWithLoyaltyCard": null,
    "imageUrl": "https://rimibaltic-res.cloudinary.com/image/upload/d_ecommerce:backend-fallback.png/MAT_1367784_PCE_LV",
    "available": false,
    "discount": null
  },
  {
    "shop": "RIMI",
    "categories": [
      1,
      1003,
      1003001
    ],
    "productName": "Alus Warsteiner bezalkoholisks 0,33l",
    "productPriceOld": null,
    "productPrice": null,
    "productPricePerUnit": null,
    "productPriceWithLoyaltyCard": null,
    "productPricePerUnitWithLoyaltyCard": null,
    "imageUrl": "https://rimibaltic-res.cloudinary.com/image/upload/d_ecommerce:backend-fallback.png/MAT_1356512_PCE_LV",
    "available": false,
    "discount": null
  },
  {
    "shop": "RIMI",
    "categories": [
      1,
      1002,
      10010024
    ],
    "productName": "Dabīgs minerālūdens Hohes C Immun 0,75l",
    "productPriceOld": null,
    "productPrice": null,
    "productPricePerUnit": null,
    "productPriceWithLoyaltyCard": null,
    "productPricePerUnitWithLoyaltyCard": null,
    "imageUrl": "https://rimibaltic-res.cloudinary.com/image/upload/d_ecommerce:backend-fallback.png/MAT_1373167_PCE_LV",
    "available": false,
    "discount": null
  },
  {
    "shop": "RIMI",
    "categories": [
      1,
      1001,
      1001001
    ],
    "productName": "Alus Leffe Brune 0% 0,33l",
    "productPriceOld": null,
    "productPrice": null,
    "productPricePerUnit": null,
    "productPriceWithLoyaltyCard": null,
    "productPricePerUnitWithLoyaltyCard": null,
    "imageUrl": "https://rimibaltic-res.cloudinary.com/image/upload/d_ecommerce:backend-fallback.png/MAT_1373993_PCE_LV",
    "available": false,
    "discount": null
  },
  {
    "shop": "RIMI",
    "categories": [
      1,
      1001,
      1001001
    ],
    "productName": "Alus Leffe Blonde 0% 0,33l",
    "productPriceOld": null,
    "productPrice": null,
    "productPricePerUnit": null,
    "productPriceWithLoyaltyCard": null,
    "productPricePerUnitWithLoyaltyCard": null,
    "imageUrl": "https://rimibaltic-res.cloudinary.com/image/upload/d_ecommerce:backend-fallback.png/MAT_1374000_PCE_LV",
    "available": false,
    "discount": null
  },
  {
    "shop": "RIMI",
    "categories": [
      1,
      1002,
      10010024
    ],
    "productName": "Minerālūdens Jermuk gāzēts 1l",
    "productPriceOld": null,
    "productPrice": null,
    "productPricePerUnit": null,
    "productPriceWithLoyaltyCard": null,
    "productPricePerUnitWithLoyaltyCard": null,
    "imageUrl": "https://rimibaltic-res.cloudinary.com/image/upload/d_ecommerce:backend-fallback.png/MAT_1374633_PCE_LV",
    "available": false,
    "discount": null
  },
  {
    "shop": "RIMI",
    "categories": [
      1,
      1003,
      1003003
    ],
    "productName": "Bezalkohol. granātābolu vīns Vedi-alco 0,75l",
    "productPriceOld": null,
    "productPrice": null,
    "productPricePerUnit": null,
    "productPriceWithLoyaltyCard": null,
    "productPricePerUnitWithLoyaltyCard": null,
    "imageUrl": "https://rimibaltic-res.cloudinary.com/image/upload/d_ecommerce:backend-fallback.png/MAT_7303767_PCE_LV",
    "available": false,
    "discount": null
  },
  {
    "shop": "RIMI",
    "categories": [
      1,
      1002,
      10010020
    ],
    "productName": "Sulas dzēriens Granini citrusaugļu 1l",
    "productPriceOld": null,
    "productPrice": null,
    "productPricePerUnit": null,
    "productPriceWithLoyaltyCard": null,
    "productPricePerUnitWithLoyaltyCard": null,
    "imageUrl": "https://rimibaltic-res.cloudinary.com/image/upload/d_ecommerce:backend-fallback.png/MAT_1016140_PCE_LV",
    "available": false,
    "discount": null
  },
  {
    "shop": "RIMI",
    "categories": [
      1,
      1002,
      10010021
    ],
    "productName": "Bezalk. dz. Thomas Henry Pink Grapefruit 0,2l",
    "productPriceOld": null,
    "productPrice": null,
    "productPricePerUnit": null,
    "productPriceWithLoyaltyCard": null,
    "productPricePerUnitWithLoyaltyCard": null,
    "imageUrl": "https://rimibaltic-res.cloudinary.com/image/upload/d_ecommerce:backend-fallback.png/MAT_1375043_PCE_LV",
    "available": false,
    "discount": null
  },
  {
    "shop": "RIMI",
    "categories": [
      1,
      1001,
      1001003
    ],
    "productName": "B.v. Jacob's Creek Chard. 12,5% 0,187l",
    "productPriceOld": null,
    "productPrice": null,
    "productPricePerUnit": null,
    "productPriceWithLoyaltyCard": null,
    "productPricePerUnitWithLoyaltyCard": null,
    "imageUrl": "https://rimibaltic-res.cloudinary.com/image/upload/d_ecommerce:backend-fallback.png/MAT_799324_PCE_LV",
    "available": false,
    "discount": null
  },
  {
    "shop": "RIMI",
    "categories": [
      1,
      1001,
      1001008
    ],
    "productName": "Konjaks Larsen VSOP 40% 0,7l",
    "productPriceOld": null,
    "productPrice": null,
    "productPricePerUnit": null,
    "productPriceWithLoyaltyCard": null,
    "productPricePerUnitWithLoyaltyCard": null,
    "imageUrl": "https://rimibaltic-res.cloudinary.com/image/upload/d_ecommerce:backend-fallback.png/MAT_101765_PCE_LV",
    "available": false,
    "discount": null
  },
  {
    "shop": "RIMI",
    "categories": [
      1,
      1001,
      1001002
    ],
    "productName": "Sidrs Somersby Blueberry Lemon Lite 4,5% 0,5l",
    "productPriceOld": null,
    "productPrice": null,
    "productPricePerUnit": null,
    "productPriceWithLoyaltyCard": null,
    "productPricePerUnitWithLoyaltyCard": null,
    "imageUrl": "https://rimibaltic-res.cloudinary.com/image/upload/d_ecommerce:backend-fallback.png/MAT_1374099_PCE_LV",
    "available": false,
    "discount": null
  },
  {
    "shop": "RIMI",
    "categories": [
      1,
      1001,
      1001003
    ],
    "productName": "B.v. Villa Maria Pr. Bin Riesling 11,5% 0,75l",
    "productPriceOld": null,
    "productPrice": null,
    "productPricePerUnit": null,
    "productPriceWithLoyaltyCard": null,
    "productPricePerUnitWithLoyaltyCard": null,
    "imageUrl": "https://rimibaltic-res.cloudinary.com/image/upload/d_ecommerce:backend-fallback.png/MAT_134841_PCE_LV",
    "available": false,
    "discount": null
  },
  {
    "shop": "RIMI",
    "categories": [
      1,
      1001,
      1001003
    ],
    "productName": "S.v. Casi. Del Diablo Dark Red 13,5% 0,75l",
    "productPriceOld": null,
    "productPrice": null,
    "productPricePerUnit": null,
    "productPriceWithLoyaltyCard": null,
    "productPricePerUnitWithLoyaltyCard": null,
    "imageUrl": "https://rimibaltic-res.cloudinary.com/image/upload/d_ecommerce:backend-fallback.png/MAT_7188897_PCE_LV",
    "available": false,
    "discount": null
  },
  {
    "shop": "RIMI",
    "categories": [
      1,
      1001,
      1001005
    ],
    "productName": "Alkoholiskais kokteilis Hartwall 5,5% 0,33l",
    "productPriceOld": null,
    "productPrice": null,
    "productPricePerUnit": null,
    "productPriceWithLoyaltyCard": null,
    "productPricePerUnitWithLoyaltyCard": null,
    "imageUrl": "https://rimibaltic-res.cloudinary.com/image/upload/d_ecommerce:backend-fallback.png/MAT_1350653_PCE_LV",
    "available": false,
    "discount": null
  },
  {
    "shop": "RIMI",
    "categories": [
      1,
      1001,
      1001001
    ],
    "productName": "Alus Heineken 5% 6x0,5l",
    "productPriceOld": null,
    "productPrice": null,
    "productPricePerUnit": null,
    "productPriceWithLoyaltyCard": null,
    "productPricePerUnitWithLoyaltyCard": null,
    "imageUrl": "https://rimibaltic-res.cloudinary.com/image/upload/d_ecommerce:backend-fallback.png/MAT_1361448_PCE_LV",
    "available": false,
    "discount": null
  },
  {
    "shop": "RIMI",
    "categories": [
      1,
      1001,
      1001009
    ],
    "productName": "Viskijs Ardbeg 10yo dāvanu kastē 46% 0,7l",
    "productPriceOld": null,
    "productPrice": null,
    "productPricePerUnit": null,
    "productPriceWithLoyaltyCard": null,
    "productPricePerUnitWithLoyaltyCard": null,
    "imageUrl": "https://rimibaltic-res.cloudinary.com/image/upload/d_ecommerce:backend-fallback.png/MAT_7061905_PCE_LV",
    "available": false,
    "discount": null
  },
  {
    "shop": "RIMI",
    "categories": [
      1,
      1001,
      10010014
    ],
    "productName": "Balzāms Rīgas Melnais ķiršu 30% 40ml",
    "productPriceOld": null,
    "productPrice": null,
    "productPricePerUnit": null,
    "productPriceWithLoyaltyCard": null,
    "productPricePerUnitWithLoyaltyCard": null,
    "imageUrl": "https://rimibaltic-res.cloudinary.com/image/upload/d_ecommerce:backend-fallback.png/MAT_7298161_PCE_LV",
    "available": false,
    "discount": null
  },
  {
    "shop": "RIMI",
    "categories": [
      1,
      1001,
      10010014
    ],
    "productName": "Balzams Rīgas Melnais ķiršu 30% 0,5l",
    "productPriceOld": null,
    "productPrice": null,
    "productPricePerUnit": null,
    "productPriceWithLoyaltyCard": null,
    "productPricePerUnitWithLoyaltyCard": null,
    "imageUrl": "https://rimibaltic-res.cloudinary.com/image/upload/d_ecommerce:backend-fallback.png/MAT_7169251_PCE_LV",
    "available": false,
    "discount": null
  },
  {
    "shop": "RIMI",
    "categories": [
      1,
      1001,
      10010014
    ],
    "productName": "Balzāms Rīgas Melnais ķiršu 30% 0,2l",
    "productPriceOld": null,
    "productPrice": null,
    "productPricePerUnit": null,
    "productPriceWithLoyaltyCard": null,
    "productPricePerUnitWithLoyaltyCard": null,
    "imageUrl": "https://rimibaltic-res.cloudinary.com/image/upload/d_ecommerce:backend-fallback.png/MAT_7175807_PCE_LV",
    "available": false,
    "discount": null
  },
  {
    "shop": "RIMI",
    "categories": [
      1,
      1001,
      1001001
    ],
    "productName": "Alus Rīgas gaišais 5,2% 0,5l",
    "productPriceOld": null,
    "productPrice": null,
    "productPricePerUnit": null,
    "productPriceWithLoyaltyCard": null,
    "productPricePerUnitWithLoyaltyCard": null,
    "imageUrl": "https://rimibaltic-res.cloudinary.com/image/upload/d_ecommerce:backend-fallback.png/MAT_1353908_PCE_LV",
    "available": false,
    "discount": null
  },
  {
    "shop": "RIMI",
    "categories": [
      1,
      1001,
      1001001
    ],
    "productName": "Alus Warsteiner Premium, bundžā 4,8% 0,5l",
    "productPriceOld": null,
    "productPrice": null,
    "productPricePerUnit": null,
    "productPriceWithLoyaltyCard": null,
    "productPricePerUnitWithLoyaltyCard": null,
    "imageUrl": "https://rimibaltic-res.cloudinary.com/image/upload/d_ecommerce:backend-fallback.png/MAT_1355422_PCE_LV",
    "available": false,
    "discount": null
  },
  {
    "shop": "RIMI",
    "categories": [
      1,
      1001,
      1001001
    ],
    "productName": "Alus Desperados 5,9% 0,33l",
    "productPriceOld": null,
    "productPrice": null,
    "productPricePerUnit": null,
    "productPriceWithLoyaltyCard": null,
    "productPricePerUnitWithLoyaltyCard": null,
    "imageUrl": "https://rimibaltic-res.cloudinary.com/image/upload/d_ecommerce:backend-fallback.png/MAT_1350934_PCE_LV",
    "available": false,
    "discount": null
  },
  {
    "shop": "RIMI",
    "categories": [
      1,
      1001,
      1001005
    ],
    "productName": "Alk. kokt. Hartwall Strong 7,5% 0,33l",
    "productPriceOld": null,
    "productPrice": null,
    "productPricePerUnit": null,
    "productPriceWithLoyaltyCard": null,
    "productPricePerUnitWithLoyaltyCard": null,
    "imageUrl": "https://rimibaltic-res.cloudinary.com/image/upload/d_ecommerce:backend-fallback.png/MAT_139809_PCE_LV",
    "available": false,
    "discount": null
  },
  {
    "shop": "RIMI",
    "categories": [
      1,
      1001,
      1001009
    ],
    "productName": "Viskijs Aberlour 12YO 40% 0,7l",
    "productPriceOld": null,
    "productPrice": null,
    "productPricePerUnit": null,
    "productPriceWithLoyaltyCard": null,
    "productPricePerUnitWithLoyaltyCard": null,
    "imageUrl": "https://rimibaltic-res.cloudinary.com/image/upload/d_ecommerce:backend-fallback.png/MAT_7113477_PCE_LV",
    "available": false,
    "discount": null
  },
  {
    "shop": "RIMI",
    "categories": [
      1,
      1001,
      1001009
    ],
    "productName": "Viskijs Lagavulin 16YO dāvanu kastē 43% 0,7l",
    "productPriceOld": null,
    "productPrice": null,
    "productPricePerUnit": null,
    "productPriceWithLoyaltyCard": null,
    "productPricePerUnitWithLoyaltyCard": null,
    "imageUrl": "https://rimibaltic-res.cloudinary.com/image/upload/d_ecommerce:backend-fallback.png/MAT_793394_PCE_LV",
    "available": false,
    "discount": null
  },
  {
    "shop": "RIMI",
    "categories": [
      1,
      1001,
      1001005
    ],
    "productName": "Alko. kokteil. Johan Freitag Gin&Herb 5% 0,5l",
    "productPriceOld": null,
    "productPrice": null,
    "productPricePerUnit": null,
    "productPriceWithLoyaltyCard": null,
    "productPricePerUnitWithLoyaltyCard": null,
    "imageUrl": "https://rimibaltic-res.cloudinary.com/image/upload/d_ecommerce:backend-fallback.png/MAT_1373933_PCE_LV",
    "available": false,
    "discount": null
  },
  {
    "shop": "RIMI",
    "categories": [
      1,
      1001,
      1001001
    ],
    "productName": "Alus Krombacher Weizen 5,3% 0,5l",
    "productPriceOld": null,
    "productPrice": null,
    "productPricePerUnit": null,
    "productPriceWithLoyaltyCard": null,
    "productPricePerUnitWithLoyaltyCard": null,
    "imageUrl": "https://rimibaltic-res.cloudinary.com/image/upload/d_ecommerce:backend-fallback.png/MAT_1374153_PCE_LV",
    "available": false,
    "discount": null
  },
  {
    "shop": "RIMI",
    "categories": [
      1,
      1001,
      1001005
    ],
    "productName": "Alk. kokt. Hartwall Red Grapefruit 5,5% 0,33l",
    "productPriceOld": null,
    "productPrice": null,
    "productPricePerUnit": null,
    "productPriceWithLoyaltyCard": null,
    "productPricePerUnitWithLoyaltyCard": null,
    "imageUrl": "https://rimibaltic-res.cloudinary.com/image/upload/d_ecommerce:backend-fallback.png/MAT_1374122_PCE_LV",
    "available": false,
    "discount": null
  },
  {
    "shop": "RIMI",
    "categories": [
      1,
      1001,
      1001005
    ],
    "productName": "Alk. kokteilis Hartwall Pineapple 5,5% 0,33l",
    "productPriceOld": null,
    "productPrice": null,
    "productPricePerUnit": null,
    "productPriceWithLoyaltyCard": null,
    "productPricePerUnitWithLoyaltyCard": null,
    "imageUrl": "https://rimibaltic-res.cloudinary.com/image/upload/d_ecommerce:backend-fallback.png/MAT_1374227_PCE_LV",
    "available": false,
    "discount": null
  },
  {
    "shop": "RIMI",
    "categories": [
      1,
      1001,
      1001009
    ],
    "productName": "Viskijs Glenfiddich 12YO 40% 0,7l",
    "productPriceOld": null,
    "productPrice": null,
    "productPricePerUnit": null,
    "productPriceWithLoyaltyCard": null,
    "productPricePerUnitWithLoyaltyCard": null,
    "imageUrl": "https://rimibaltic-res.cloudinary.com/image/upload/d_ecommerce:backend-fallback.png/MAT_460951_PCE_LV",
    "available": false,
    "discount": null
  },
  {
    "shop": "RIMI",
    "categories": [
      1,
      1001,
      1001008
    ],
    "productName": "Konjaks Martell V.S. 40% 0,35l",
    "productPriceOld": null,
    "productPrice": null,
    "productPricePerUnit": null,
    "productPriceWithLoyaltyCard": null,
    "productPricePerUnitWithLoyaltyCard": null,
    "imageUrl": "https://rimibaltic-res.cloudinary.com/image/upload/d_ecommerce:backend-fallback.png/MAT_589717_PCE_LV",
    "available": false,
    "discount": null
  },
  {
    "shop": "RIMI",
    "categories": [
      1,
      1001,
      1001003
    ],
    "productName": "S.v. Clos Du Cheval Blanc s.13% 0,75l",
    "productPriceOld": null,
    "productPrice": null,
    "productPricePerUnit": null,
    "productPriceWithLoyaltyCard": null,
    "productPricePerUnitWithLoyaltyCard": null,
    "imageUrl": "https://rimibaltic-res.cloudinary.com/image/upload/d_ecommerce:backend-fallback.png/MAT_7293737_PCE_LV",
    "available": false,
    "discount": null
  },
  {
    "shop": "RIMI",
    "categories": [
      1,
      1001,
      10010019
    ],
    "productName": "Stiprs alk. Dzēr. Bonaparte Coffee 36% 0,5l",
    "productPriceOld": null,
    "productPrice": null,
    "productPricePerUnit": null,
    "productPriceWithLoyaltyCard": null,
    "productPricePerUnitWithLoyaltyCard": null,
    "imageUrl": "https://rimibaltic-res.cloudinary.com/image/upload/d_ecommerce:backend-fallback.png/MAT_7172108_PCE_LV",
    "available": false,
    "discount": null
  },
  {
    "shop": "RIMI",
    "categories": [
      1,
      1001,
      10010014
    ],
    "productName": "Riga Black Balsam mini kompl. 38,3% 3x0,04l",
    "productPriceOld": null,
    "productPrice": null,
    "productPricePerUnit": null,
    "productPriceWithLoyaltyCard": null,
    "productPricePerUnitWithLoyaltyCard": null,
    "imageUrl": "https://rimibaltic-res.cloudinary.com/image/upload/d_ecommerce:backend-fallback.png/MAT_7169096_PCE_LV",
    "available": false,
    "discount": null
  },
  {
    "shop": "RIMI",
    "categories": [
      1,
      1001,
      1001003
    ],
    "productName": "B.v. Silver Ghost Sauvignon Blanc 13% 0,75l",
    "productPriceOld": null,
    "productPrice": null,
    "productPricePerUnit": null,
    "productPriceWithLoyaltyCard": null,
    "productPricePerUnitWithLoyaltyCard": null,
    "imageUrl": "https://rimibaltic-res.cloudinary.com/image/upload/d_ecommerce:backend-fallback.png/MAT_7220682_PCE_LV",
    "available": false,
    "discount": null
  },
  {
    "shop": "RIMI",
    "categories": [
      1,
      1001,
      10010016
    ],
    "productName": "Degvīns Grey Goose Vodka 40% 0,7l",
    "productPriceOld": null,
    "productPrice": null,
    "productPricePerUnit": null,
    "productPriceWithLoyaltyCard": null,
    "productPricePerUnitWithLoyaltyCard": null,
    "imageUrl": "https://rimibaltic-res.cloudinary.com/image/upload/d_ecommerce:backend-fallback.png/MAT_134984_PCE_LV",
    "available": false,
    "discount": null
  },
  {
    "shop": "MAXIMA",
    "categories": [
      1,
      1002,
      10010024
    ],
    "productName": "Dzer.ūdens EVEREST viegli gāzēts 1,5L D",
    "productPriceOld": null,
    "productPrice": null,
    "productPricePerUnit": null,
    "productPriceWithLoyaltyCard": null,
    "productPricePerUnitWithLoyaltyCard": null,
    "imageUrl": "https://cdn.barbora.lv/products/2e84cc78-69ee-4a40-8f0c-a86d5f614b90_s.png",
    "available": false,
    "discount": null
  },
  {
    "shop": "MAXIMA",
    "categories": [
      1,
      1002,
      10010024
    ],
    "productName": "Minerālūdens ACQUA PANNA negāzēts 1,5L D",
    "productPriceOld": null,
    "productPrice": null,
    "productPricePerUnit": null,
    "productPriceWithLoyaltyCard": null,
    "productPricePerUnitWithLoyaltyCard": null,
    "imageUrl": "https://cdn.barbora.lv/products/aeaca98f-549a-437f-973e-ee5bbe1c5fa0_s.png",
    "available": false,
    "discount": null
  },
  {
    "shop": "MAXIMA",
    "categories": [
      1,
      1002,
      10010024
    ],
    "productName": "Dab. minerālūdens NORVIL negāz. 500ml D",
    "productPriceOld": null,
    "productPrice": null,
    "productPricePerUnit": null,
    "productPriceWithLoyaltyCard": null,
    "productPricePerUnitWithLoyaltyCard": null,
    "imageUrl": "https://cdn.barbora.lv/products/0434d519-f3fd-4f91-b0f4-c3f9812da088_s.png",
    "available": false,
    "discount": null
  },
  {
    "shop": "MAXIMA",
    "categories": [
      1,
      1002,
      10010024
    ],
    "productName": "Dzer.ūdens gāz.EVEREST Piparmētru 1,5L D",
    "productPriceOld": null,
    "productPrice": null,
    "productPricePerUnit": null,
    "productPriceWithLoyaltyCard": null,
    "productPricePerUnitWithLoyaltyCard": null,
    "imageUrl": "https://cdn.barbora.lv/products/8916062a-1a69-4b0a-8557-4dad771c26b8_s.png",
    "available": false,
    "discount": null
  },
  {
    "shop": "MAXIMA",
    "categories": [
      1,
      1002,
      10010024
    ],
    "productName": "Dabīgais minerālūdens ZAĶUMUIŽA negāzēts 1,25L D",
    "productPriceOld": null,
    "productPrice": null,
    "productPricePerUnit": null,
    "productPriceWithLoyaltyCard": null,
    "productPricePerUnitWithLoyaltyCard": null,
    "imageUrl": "https://cdn.barbora.lv/products/77f614e1-a004-4cfe-8f36-7014b6d14640_s.png",
    "available": false,
    "discount": null
  },
  {
    "shop": "MAXIMA",
    "categories": [
      1,
      1002,
      10010021
    ],
    "productName": "Gāz.dzēr. MANGAĻI VitaFruit Mango 1,5L D",
    "productPriceOld": null,
    "productPrice": null,
    "productPricePerUnit": null,
    "productPriceWithLoyaltyCard": null,
    "productPricePerUnitWithLoyaltyCard": null,
    "imageUrl": "https://cdn.barbora.lv/products/be32b622-9112-4924-90ec-84084711b7e7_s.png",
    "available": false,
    "discount": null
  },
  {
    "shop": "MAXIMA",
    "categories": [
      1,
      1002,
      10010021
    ],
    "productName": "Gāz.dz.MANGAĻI VITAFRUIT āb.cidon.1,5L D",
    "productPriceOld": null,
    "productPrice": null,
    "productPricePerUnit": null,
    "productPriceWithLoyaltyCard": null,
    "productPricePerUnitWithLoyaltyCard": null,
    "imageUrl": "https://cdn.barbora.lv/products/a7307f3b-fb96-4ec7-b744-864e3601b770_s.png",
    "available": false,
    "discount": null
  },
  {
    "shop": "MAXIMA",
    "categories": [
      1,
      1002,
      10010024
    ],
    "productName": "Dabīgais minerālūdens VENDEN gāzēts 6x1,5L D",
    "productPriceOld": null,
    "productPrice": null,
    "productPricePerUnit": null,
    "productPriceWithLoyaltyCard": null,
    "productPricePerUnitWithLoyaltyCard": null,
    "imageUrl": "https://cdn.barbora.lv/products/d471240b-ed63-47a1-84ba-ef1b588f57e4_s.png",
    "available": false,
    "discount": null
  },
  {
    "shop": "MAXIMA",
    "categories": [
      1,
      1002,
      10010024
    ],
    "productName": "Dzer.ūdens gāz.EVEREST Citr.laima 1,5L D",
    "productPriceOld": null,
    "productPrice": null,
    "productPricePerUnit": null,
    "productPriceWithLoyaltyCard": null,
    "productPricePerUnitWithLoyaltyCard": null,
    "imageUrl": "https://cdn.barbora.lv/products/cf016d0e-9082-4bcd-a562-ad15fecfceeb_s.png",
    "available": false,
    "discount": null
  },
  {
    "shop": "MAXIMA",
    "categories": [
      1,
      1002,
      10010024
    ],
    "productName": "Minerālūdens PERRIER NATURAL gāzēts 330ml D",
    "productPriceOld": null,
    "productPrice": null,
    "productPricePerUnit": null,
    "productPriceWithLoyaltyCard": null,
    "productPricePerUnitWithLoyaltyCard": null,
    "imageUrl": "https://cdn.barbora.lv/products/27b3f21b-a759-4b46-9423-31c82c5a9222_s.png",
    "available": false,
    "discount": null
  },
  {
    "shop": "MAXIMA",
    "categories": [
      1,
      1002,
      10010024
    ],
    "productName": "Dzeramais ūdens EVEREST SPORT negāzēts 750ml D",
    "productPriceOld": null,
    "productPrice": null,
    "productPricePerUnit": null,
    "productPriceWithLoyaltyCard": null,
    "productPricePerUnitWithLoyaltyCard": null,
    "imageUrl": "https://cdn.barbora.lv/products/fe14af85-8aa4-4a33-9a99-920937804126_s.png",
    "available": false,
    "discount": null
  },
  {
    "shop": "MAXIMA",
    "categories": [
      1,
      1002,
      10010024
    ],
    "productName": "Dabīgais minerālūdens MANGAĻI-1 viegli gāzēts 6x1,5L D",
    "productPriceOld": null,
    "productPrice": null,
    "productPricePerUnit": null,
    "productPriceWithLoyaltyCard": null,
    "productPricePerUnitWithLoyaltyCard": null,
    "imageUrl": "https://cdn.barbora.lv/products/6467ce08-a15a-4ba1-98bd-84916d4c2e54_s.png",
    "available": false,
    "discount": null
  },
  {
    "shop": "MAXIMA",
    "categories": [
      1,
      1002,
      10010027
    ],
    "productName": "Dz.ūd.MANGAĻI VITAFR.citr. laima 500ml D",
    "productPriceOld": null,
    "productPrice": null,
    "productPricePerUnit": null,
    "productPriceWithLoyaltyCard": null,
    "productPricePerUnitWithLoyaltyCard": null,
    "imageUrl": "https://cdn.barbora.lv/products/cadc7fd9-5126-4037-a27c-63f4a22a35b9_s.png",
    "available": false,
    "discount": null
  },
  {
    "shop": "MAXIMA",
    "categories": [
      1,
      1002,
      10010021
    ],
    "productName": "Gāz.dz.MANGAĻI VITAFRUIT āb.cid.500ml D",
    "productPriceOld": null,
    "productPrice": null,
    "productPricePerUnit": null,
    "productPriceWithLoyaltyCard": null,
    "productPricePerUnitWithLoyaltyCard": null,
    "imageUrl": "https://cdn.barbora.lv/products/b4552011-9888-4ed4-8473-ba27547eb023_s.png",
    "available": false,
    "discount": null
  },
  {
    "shop": "MAXIMA",
    "categories": [
      1,
      1002,
      10010021
    ],
    "productName": "Gāz.dz.MANGAĻI VITAFR.pomelo-pers.1,5L D",
    "productPriceOld": null,
    "productPrice": null,
    "productPricePerUnit": null,
    "productPriceWithLoyaltyCard": null,
    "productPricePerUnitWithLoyaltyCard": null,
    "imageUrl": "https://cdn.barbora.lv/products/5cf89362-326c-4008-b107-0b9abd1d8cbb_s.png",
    "available": false,
    "discount": null
  },
  {
    "shop": "MAXIMA",
    "categories": [
      1,
      1002,
      10010021
    ],
    "productName": "Gāzēts dzēriens MANGAĻI VITAFRUIT plūškoka-citronu 1,5L D",
    "productPriceOld": null,
    "productPrice": null,
    "productPricePerUnit": null,
    "productPriceWithLoyaltyCard": null,
    "productPricePerUnitWithLoyaltyCard": null,
    "imageUrl": "https://cdn.barbora.lv/products/be428ef8-a3a4-4301-a374-a71cf906f381_s.png",
    "available": false,
    "discount": null
  },
  {
    "shop": "MAXIMA",
    "categories": [
      1,
      1002,
      10010021
    ],
    "productName": "Gāz.dz.MANGAĻI VITAFR. apr.jasm.500ml D",
    "productPriceOld": null,
    "productPrice": null,
    "productPricePerUnit": null,
    "productPriceWithLoyaltyCard": null,
    "productPricePerUnitWithLoyaltyCard": null,
    "imageUrl": "https://cdn.barbora.lv/products/f1067b11-f28e-40e9-90df-5fa2349d5d43_s.png",
    "available": false,
    "discount": null
  },
  {
    "shop": "MAXIMA",
    "categories": [
      1,
      1002,
      10010021
    ],
    "productName": "Gāzēts dzēriens MANGAĻI VITAFRUIT anananu-marakujas 1,5L D",
    "productPriceOld": null,
    "productPrice": null,
    "productPricePerUnit": null,
    "productPriceWithLoyaltyCard": null,
    "productPricePerUnitWithLoyaltyCard": null,
    "imageUrl": "https://cdn.barbora.lv/products/55ffb120-08b0-44c9-bd8c-31492905ef80_s.png",
    "available": false,
    "discount": null
  },
  {
    "shop": "MAXIMA",
    "categories": [
      1,
      1002,
      10010024
    ],
    "productName": "Dab.min.ūd.MANGAĻI-1 viegli gāz.500ml D",
    "productPriceOld": null,
    "productPrice": null,
    "productPricePerUnit": null,
    "productPriceWithLoyaltyCard": null,
    "productPricePerUnitWithLoyaltyCard": null,
    "imageUrl": "https://cdn.barbora.lv/products/18570ce0-79a4-4ad0-a774-b4ea3d50fb10_s.png",
    "available": false,
    "discount": null
  },
  {
    "shop": "MAXIMA",
    "categories": [
      1,
      1002,
      10010021
    ],
    "productName": "Gāz.dz.MANGAĻI VITAFR. citrusu 500ml D",
    "productPriceOld": null,
    "productPrice": null,
    "productPricePerUnit": null,
    "productPriceWithLoyaltyCard": null,
    "productPricePerUnitWithLoyaltyCard": null,
    "imageUrl": "https://cdn.barbora.lv/products/91bb87d0-42b1-4aa3-8f46-006968db6d83_s.png",
    "available": false,
    "discount": null
  },
  {
    "shop": "MAXIMA",
    "categories": [
      1,
      1002,
      10010024
    ],
    "productName": "Dab.minerālūdens NEPTUNAS negāz.6x1,5L D",
    "productPriceOld": null,
    "productPrice": null,
    "productPricePerUnit": null,
    "productPriceWithLoyaltyCard": null,
    "productPricePerUnitWithLoyaltyCard": null,
    "imageUrl": "https://cdn.barbora.lv/products/4644098e-7d7f-4fcd-8fd1-756d4fad0d12_s.png",
    "available": false,
    "discount": null
  },
  {
    "shop": "MAXIMA",
    "categories": [
      1,
      1002,
      10010024
    ],
    "productName": "Dzer.ūdens ASET citronu gāzēts 1,5L D",
    "productPriceOld": null,
    "productPrice": null,
    "productPricePerUnit": null,
    "productPriceWithLoyaltyCard": null,
    "productPricePerUnitWithLoyaltyCard": null,
    "imageUrl": "https://cdn.barbora.lv/products/ae8f1255-2803-4867-968a-6cb3ec3b84d8_s.png",
    "available": false,
    "discount": null
  },
  {
    "shop": "MAXIMA",
    "categories": [
      1,
      1002,
      10010024
    ],
    "productName": "Minerālūdens ACQUA PANNA negāzēts 6x1,5L D",
    "productPriceOld": null,
    "productPrice": null,
    "productPricePerUnit": null,
    "productPriceWithLoyaltyCard": null,
    "productPricePerUnitWithLoyaltyCard": null,
    "imageUrl": "https://cdn.barbora.lv/products/eb389bc4-959c-427a-8c27-15e11beabf4f_s.png",
    "available": false,
    "discount": null
  },
  {
    "shop": "MAXIMA",
    "categories": [
      1,
      1002,
      10010021
    ],
    "productName": "Gāzēts dzēriens FANTA Zero apelsīnu 1,5L D",
    "productPriceOld": null,
    "productPrice": null,
    "productPricePerUnit": null,
    "productPriceWithLoyaltyCard": null,
    "productPricePerUnitWithLoyaltyCard": null,
    "imageUrl": "https://cdn.barbora.lv/products/ee2a1319-db80-4eab-8389-7d832fce0703_s.png",
    "available": false,
    "discount": null
  },
  {
    "shop": "MAXIMA",
    "categories": [
      1,
      1002,
      10010021
    ],
    "productName": "Gāzēts dzēriens PACHA Zemeņu garša 0,33L",
    "productPriceOld": null,
    "productPrice": null,
    "productPricePerUnit": null,
    "productPriceWithLoyaltyCard": null,
    "productPricePerUnitWithLoyaltyCard": null,
    "imageUrl": "https://cdn.barbora.lv/products/554de8ac-bddb-47c0-b82e-935b02d9b76f_s.png",
    "available": false,
    "discount": null
  },
  {
    "shop": "MAXIMA",
    "categories": [
      1,
      1002,
      10010021
    ],
    "productName": "Gāzēts dzēriens PACHA Līčijas garša 0,33L",
    "productPriceOld": null,
    "productPrice": null,
    "productPricePerUnit": null,
    "productPriceWithLoyaltyCard": null,
    "productPricePerUnitWithLoyaltyCard": null,
    "imageUrl": "https://cdn.barbora.lv/products/d85707ed-5abf-49a1-bca3-4809d395cef4_s.png",
    "available": false,
    "discount": null
  },
  {
    "shop": "MAXIMA",
    "categories": [
      1,
      1002,
      10010021
    ],
    "productName": "Gāzēts dzēriens SUN SET TONIKS 1,5L D",
    "productPriceOld": null,
    "productPrice": null,
    "productPricePerUnit": null,
    "productPriceWithLoyaltyCard": null,
    "productPricePerUnitWithLoyaltyCard": null,
    "imageUrl": "https://cdn.barbora.lv/products/a3d7715b-b69c-4531-977f-f0e1e0c9533c_s.png",
    "available": false,
    "discount": null
  },
  {
    "shop": "MAXIMA",
    "categories": [
      1,
      1002,
      10010021
    ],
    "productName": "Gāz.dz. SELITA Klasika bumbieru 1,5L D",
    "productPriceOld": null,
    "productPrice": null,
    "productPricePerUnit": null,
    "productPriceWithLoyaltyCard": null,
    "productPricePerUnitWithLoyaltyCard": null,
    "imageUrl": "https://cdn.barbora.lv/products/526d4caf-aa2e-4959-ad72-5d177b59214e_s.png",
    "available": false,
    "discount": null
  },
  {
    "shop": "MAXIMA",
    "categories": [
      1,
      1002,
      10010021
    ],
    "productName": "Gāzēts dzēriens ENJOY apelsīnu bez cukura 1,5L D",
    "productPriceOld": null,
    "productPrice": null,
    "productPricePerUnit": null,
    "productPriceWithLoyaltyCard": null,
    "productPricePerUnitWithLoyaltyCard": null,
    "imageUrl": "https://cdn.barbora.lv/products/402cac8d-3cc6-4020-871a-92539ecb8eb6_s.png",
    "available": false,
    "discount": null
  },
  {
    "shop": "MAXIMA",
    "categories": [
      1,
      1002,
      10010021
    ],
    "productName": "Gāzēts dz. MEŽEZERS Spritz citr. 0,75L D",
    "productPriceOld": null,
    "productPrice": null,
    "productPricePerUnit": null,
    "productPriceWithLoyaltyCard": null,
    "productPricePerUnitWithLoyaltyCard": null,
    "imageUrl": "https://cdn.barbora.lv/products/6346da20-3537-4617-996e-9847c5d09598_s.png",
    "available": false,
    "discount": null
  },
  {
    "shop": "MAXIMA",
    "categories": [
      1,
      1002,
      10010021
    ],
    "productName": "Gāz.dzēriens ENJOY citronu laima 0,33 D",
    "productPriceOld": null,
    "productPrice": null,
    "productPricePerUnit": null,
    "productPriceWithLoyaltyCard": null,
    "productPricePerUnitWithLoyaltyCard": null,
    "imageUrl": "https://cdn.barbora.lv/products/c1cae8ab-14d7-4de3-9ed2-c9121849d795_s.png",
    "available": false,
    "discount": null
  },
  {
    "shop": "MAXIMA",
    "categories": [
      1,
      1002,
      10010021
    ],
    "productName": "Gāzēts dzēriens ENJOY citronu-zemeņu-piparmētru 1,5L D",
    "productPriceOld": null,
    "productPrice": null,
    "productPricePerUnit": null,
    "productPriceWithLoyaltyCard": null,
    "productPricePerUnitWithLoyaltyCard": null,
    "imageUrl": "https://cdn.barbora.lv/products/cce38e7a-4107-49d1-aad1-cdf6efb40359_s.png",
    "available": false,
    "discount": null
  },
  {
    "shop": "MAXIMA",
    "categories": [
      1,
      1002,
      10010021
    ],
    "productName": "Gāz.dzēriens JARRITOS Pineapple 0,37L D",
    "productPriceOld": null,
    "productPrice": null,
    "productPricePerUnit": null,
    "productPriceWithLoyaltyCard": null,
    "productPricePerUnitWithLoyaltyCard": null,
    "imageUrl": "https://cdn.barbora.lv/products/a16732c3-73c0-4366-8501-6711710fbacd_s.png",
    "available": false,
    "discount": null
  },
  {
    "shop": "MAXIMA",
    "categories": [
      1,
      1002,
      10010021
    ],
    "productName": "Gāzēts dzēriens ENJOY citronu-zemeņu 0,33L D",
    "productPriceOld": null,
    "productPrice": null,
    "productPricePerUnit": null,
    "productPriceWithLoyaltyCard": null,
    "productPricePerUnitWithLoyaltyCard": null,
    "imageUrl": "https://cdn.barbora.lv/products/a4874098-98bd-4529-9818-f6b04e20d22b_s.png",
    "available": false,
    "discount": null
  },
  {
    "shop": "MAXIMA",
    "categories": [
      1,
      1002,
      10010021
    ],
    "productName": "Gāzēts dzēriens RC COLA 0,355LD",
    "productPriceOld": null,
    "productPrice": null,
    "productPricePerUnit": null,
    "productPriceWithLoyaltyCard": null,
    "productPricePerUnitWithLoyaltyCard": null,
    "imageUrl": "https://cdn.barbora.lv/products/837b6817-dbe9-42aa-833b-4f927e241a02_s.png",
    "available": false,
    "discount": null
  },
  {
    "shop": "MAXIMA",
    "categories": [
      1,
      1002,
      10010027
    ],
    "productName": "Dzēriens HOHES C Energy 0,75L D",
    "productPriceOld": null,
    "productPrice": null,
    "productPricePerUnit": null,
    "productPriceWithLoyaltyCard": null,
    "productPricePerUnitWithLoyaltyCard": null,
    "imageUrl": "https://cdn.barbora.lv/products/aaf70caa-290d-4bc2-acbb-88d07f4350a2_s.png",
    "available": false,
    "discount": null
  },
  {
    "shop": "MAXIMA",
    "categories": [
      1,
      1002,
      10010021
    ],
    "productName": "Gāz.dz.MANGAĻI VITAFR.pomelo-pers.500mlD",
    "productPriceOld": null,
    "productPrice": null,
    "productPricePerUnit": null,
    "productPriceWithLoyaltyCard": null,
    "productPricePerUnitWithLoyaltyCard": null,
    "imageUrl": "https://cdn.barbora.lv/products/5ea10490-490d-49bb-ae91-02c1b259861d_s.png",
    "available": false,
    "discount": null
  },
  {
    "shop": "MAXIMA",
    "categories": [
      1,
      1002,
      10010021
    ],
    "productName": "Gāzēts dzēr.RC COLA Double Caffeine 2L D",
    "productPriceOld": null,
    "productPrice": null,
    "productPricePerUnit": null,
    "productPriceWithLoyaltyCard": null,
    "productPricePerUnitWithLoyaltyCard": null,
    "imageUrl": "https://cdn.barbora.lv/products/2ff7e03a-c15c-4f7c-bb9b-d0dae8437e34_s.png",
    "available": false,
    "discount": null
  },
  {
    "shop": "MAXIMA",
    "categories": [
      1,
      1002,
      10010020
    ],
    "productName": "Sula CAPPY apelsīnu 100% 1L D",
    "productPriceOld": null,
    "productPrice": null,
    "productPricePerUnit": null,
    "productPriceWithLoyaltyCard": null,
    "productPricePerUnitWithLoyaltyCard": null,
    "imageUrl": "https://cdn.barbora.lv/products/805e217d-4c0b-4411-8cdd-70036ea328c3_s.png",
    "available": false,
    "discount": null
  },
  {
    "shop": "MAXIMA",
    "categories": [
      1,
      1002,
      10010020
    ],
    "productName": "Sula PFANNER apelsīnu 2L",
    "productPriceOld": null,
    "productPrice": null,
    "productPricePerUnit": null,
    "productPriceWithLoyaltyCard": null,
    "productPricePerUnitWithLoyaltyCard": null,
    "imageUrl": "https://cdn.barbora.lv/products/ac3488bb-1f5b-4272-abdb-de296f0dcf4b_s.png",
    "available": false,
    "discount": null
  },
  {
    "shop": "MAXIMA",
    "categories": [
      1,
      1002,
      10010020
    ],
    "productName": "Nektārs PFANNER aprikožu 1L",
    "productPriceOld": null,
    "productPrice": null,
    "productPricePerUnit": null,
    "productPriceWithLoyaltyCard": null,
    "productPricePerUnitWithLoyaltyCard": null,
    "imageUrl": "https://cdn.barbora.lv/products/238ac650-7ecd-4543-b0be-9933e971f36b_s.png",
    "available": false,
    "discount": null
  },
  {
    "shop": "MAXIMA",
    "categories": [
      1,
      1002,
      10010020
    ],
    "productName": "Sula PFANNER multivitamīnu 1L",
    "productPriceOld": null,
    "productPrice": null,
    "productPricePerUnit": null,
    "productPriceWithLoyaltyCard": null,
    "productPricePerUnitWithLoyaltyCard": null,
    "imageUrl": "https://cdn.barbora.lv/products/67875803-393c-4445-af63-1681fa759acd_s.png",
    "available": false,
    "discount": null
  },
  {
    "shop": "MAXIMA",
    "categories": [
      1,
      1002,
      10010020
    ],
    "productName": "Sulas dzēriens PFANNER persiku 2L",
    "productPriceOld": null,
    "productPrice": null,
    "productPricePerUnit": null,
    "productPriceWithLoyaltyCard": null,
    "productPricePerUnitWithLoyaltyCard": null,
    "imageUrl": "https://cdn.barbora.lv/products/f426f13f-7478-4b10-960b-93b48b467d39_s.png",
    "available": false,
    "discount": null
  },
  {
    "shop": "MAXIMA",
    "categories": [
      1,
      1002,
      10010020
    ],
    "productName": "Sulas dzēriens CIDO FRUTTO dārza augļu 0,33L",
    "productPriceOld": null,
    "productPrice": null,
    "productPricePerUnit": null,
    "productPriceWithLoyaltyCard": null,
    "productPricePerUnitWithLoyaltyCard": null,
    "imageUrl": "https://cdn.barbora.lv/products/bf2d9fd9-542c-48ee-92ac-212e236a35e5_s.png",
    "available": false,
    "discount": null
  },
  {
    "shop": "MAXIMA",
    "categories": [
      1,
      1002,
      10010020
    ],
    "productName": "Nektārs PFANNER guava 1L",
    "productPriceOld": null,
    "productPrice": null,
    "productPricePerUnit": null,
    "productPriceWithLoyaltyCard": null,
    "productPricePerUnitWithLoyaltyCard": null,
    "imageUrl": "https://cdn.barbora.lv/products/a4991a54-48e9-4dda-b3ba-6c7c85284946_s.png",
    "available": false,
    "discount": null
  },
  {
    "shop": "MAXIMA",
    "categories": [
      1,
      1002,
      10010022
    ],
    "productName": "Enerģ. dzēriens BURN ābolu-kivi 0,33L D",
    "productPriceOld": null,
    "productPrice": null,
    "productPricePerUnit": null,
    "productPriceWithLoyaltyCard": null,
    "productPricePerUnitWithLoyaltyCard": null,
    "imageUrl": "https://cdn.barbora.lv/products/1293f726-88a3-4d5e-a2aa-e8fd72068953_s.png",
    "available": false,
    "discount": null
  },
  {
    "shop": "MAXIMA",
    "categories": [
      1,
      1002,
      10010022
    ],
    "productName": "Enerģ.dzēr.BATTERY Juiced Breeze 0,33L D",
    "productPriceOld": null,
    "productPrice": null,
    "productPricePerUnit": null,
    "productPriceWithLoyaltyCard": null,
    "productPricePerUnitWithLoyaltyCard": null,
    "imageUrl": "https://cdn.barbora.lv/products/40465583-4017-4163-9889-cb5da5bfe0d0_s.png",
    "available": false,
    "discount": null
  },
  {
    "shop": "MAXIMA",
    "categories": [
      1,
      1003,
      1003001
    ],
    "productName": "Alus LIELVĀRDES bezalkoholiskais 0,5L D",
    "productPriceOld": null,
    "productPrice": null,
    "productPricePerUnit": null,
    "productPriceWithLoyaltyCard": null,
    "productPricePerUnitWithLoyaltyCard": null,
    "imageUrl": "https://cdn.barbora.lv/products/7fcbd352-7f3c-435a-a3df-5d9668cb72ad_s.png",
    "available": false,
    "discount": null
  },
  {
    "shop": "MAXIMA",
    "categories": [
      1,
      1001,
      1001001
    ],
    "productName": "Alus LIELVĀRDES Tradicionālais 5% 0,5L D",
    "productPriceOld": null,
    "productPrice": null,
    "productPricePerUnit": null,
    "productPriceWithLoyaltyCard": null,
    "productPricePerUnitWithLoyaltyCard": null,
    "imageUrl": "https://cdn.barbora.lv/products/5f1ce3c1-c2e2-4e31-934b-dfe2cce451d3_s.png",
    "available": false,
    "discount": null
  },
  {
    "shop": "MAXIMA",
    "categories": [
      1,
      1001,
      1001001
    ],
    "productName": "Alus TĒRVETES tumšais 5,4% 0,5L D",
    "productPriceOld": null,
    "productPrice": null,
    "productPricePerUnit": null,
    "productPriceWithLoyaltyCard": null,
    "productPricePerUnitWithLoyaltyCard": null,
    "imageUrl": "https://cdn.barbora.lv/products/e2db4300-826f-41d4-a9cd-2c1955fa35d7_s.png",
    "available": false,
    "discount": null
  },
  {
    "shop": "MAXIMA",
    "categories": [
      1,
      1001,
      1001001
    ],
    "productName": "Alus dzēr. SHERWOOD upene 4,5% 1L PET D",
    "productPriceOld": null,
    "productPrice": null,
    "productPricePerUnit": null,
    "productPriceWithLoyaltyCard": null,
    "productPricePerUnitWithLoyaltyCard": null,
    "imageUrl": "https://cdn.barbora.lv/products/ee191c7f-b593-4bde-a075-719dc080e01a_s.png",
    "available": false,
    "discount": null
  },
  {
    "shop": "MAXIMA",
    "categories": [
      1,
      1001,
      1001005
    ],
    "productName": "Alk.k.MIX Original Gin&Pas.Fr.4% 0,33L D",
    "productPriceOld": null,
    "productPrice": null,
    "productPricePerUnit": null,
    "productPriceWithLoyaltyCard": null,
    "productPricePerUnitWithLoyaltyCard": null,
    "imageUrl": "https://cdn.barbora.lv/products/1d3e87c3-eb21-4110-8fe6-50fef039204f_s.png",
    "available": false,
    "discount": null
  },
  {
    "shop": "MAXIMA",
    "categories": [
      1,
      1001,
      1001002
    ],
    "productName": "Sidrs SOMERSBY Pear 4,5% 1L PET D",
    "productPriceOld": null,
    "productPrice": null,
    "productPricePerUnit": null,
    "productPriceWithLoyaltyCard": null,
    "productPricePerUnitWithLoyaltyCard": null,
    "imageUrl": "https://cdn.barbora.lv/products/8edd93c4-f52a-40c2-8d3b-5ea133526f4a_s.png",
    "available": false,
    "discount": null
  },
  {
    "shop": "MAXIMA",
    "categories": [
      1,
      1001,
      1001002
    ],
    "productName": "Sidrs SOMERSBY APPLE 4,5% 1L D",
    "productPriceOld": null,
    "productPrice": null,
    "productPricePerUnit": null,
    "productPriceWithLoyaltyCard": null,
    "productPricePerUnitWithLoyaltyCard": null,
    "imageUrl": "https://cdn.barbora.lv/products/bc874b2f-b9bd-4d5d-b663-5e556d3af486_s.png",
    "available": false,
    "discount": null
  },
  {
    "shop": "MAXIMA",
    "categories": [
      1,
      1001,
      1001001
    ],
    "productName": "Alus ALDARIS GAIŠAIS 5% 568ml skār. D",
    "productPriceOld": null,
    "productPrice": null,
    "productPricePerUnit": null,
    "productPriceWithLoyaltyCard": null,
    "productPricePerUnitWithLoyaltyCard": null,
    "imageUrl": "https://cdn.barbora.lv/products/88b40461-5fcb-4ede-bfb2-55cd86d8ee1c_s.png",
    "available": false,
    "discount": null
  },
  {
    "shop": "MAXIMA",
    "categories": [
      1,
      1001,
      1001005
    ],
    "productName": "Alkoholiskais kokteilis BLACK BALSAM Currant 5%0,33L D",
    "productPriceOld": null,
    "productPrice": null,
    "productPricePerUnit": null,
    "productPriceWithLoyaltyCard": null,
    "productPricePerUnitWithLoyaltyCard": null,
    "imageUrl": "https://cdn.barbora.lv/products/6198473d-10b1-4dcf-b1aa-ecd7343d7b59_s.png",
    "available": false,
    "discount": null
  },
  {
    "shop": "MAXIMA",
    "categories": [
      1,
      1001,
      1001005
    ],
    "productName": "Alk. kokt.BLACK BALS.Cherr.5% 0,33L sk.D",
    "productPriceOld": null,
    "productPrice": null,
    "productPricePerUnit": null,
    "productPriceWithLoyaltyCard": null,
    "productPricePerUnitWithLoyaltyCard": null,
    "imageUrl": "https://cdn.barbora.lv/products/2cf9ad77-cea5-4417-a789-6fd306d7875a_s.png",
    "available": false,
    "discount": null
  },
  {
    "shop": "MAXIMA",
    "categories": [
      1,
      1001,
      1001003
    ],
    "productName": "Vīns PETER WEINBACH RIESLING 8,5% 0,75L",
    "productPriceOld": null,
    "productPrice": null,
    "productPricePerUnit": null,
    "productPriceWithLoyaltyCard": null,
    "productPricePerUnitWithLoyaltyCard": null,
    "imageUrl": "https://cdn.barbora.lv/products/2e32d0c1-3ac4-4cec-a0a8-d8d96c05543f_s.png",
    "available": false,
    "discount": null
  },
  {
    "shop": "MAXIMA",
    "categories": [
      1,
      1001,
      1001003
    ],
    "productName": "Vīns J.P.CHENET Colomb.Chard.11,5%BIB 3l",
    "productPriceOld": null,
    "productPrice": null,
    "productPricePerUnit": null,
    "productPriceWithLoyaltyCard": null,
    "productPricePerUnitWithLoyaltyCard": null,
    "imageUrl": "https://cdn.barbora.lv/products/fe9cc4c9-3bb9-431a-a3e7-57d740f7a86d_s.png",
    "available": false,
    "discount": null
  },
  {
    "shop": "MAXIMA",
    "categories": [
      1,
      1001,
      1001003
    ],
    "productName": "Vīns TELIANI VAL.SAPERAVI 12,5% 0,75L",
    "productPriceOld": null,
    "productPrice": null,
    "productPricePerUnit": null,
    "productPriceWithLoyaltyCard": null,
    "productPricePerUnitWithLoyaltyCard": null,
    "imageUrl": "https://cdn.barbora.lv/products/8bdf8be8-05f6-4acb-aa4d-94153108b43f_s.png",
    "available": false,
    "discount": null
  },
  {
    "shop": "MAXIMA",
    "categories": [
      1,
      1001,
      1001003
    ],
    "productName": "Vīns EPICURO Zinfandel 14% 0,75L",
    "productPriceOld": null,
    "productPrice": null,
    "productPricePerUnit": null,
    "productPriceWithLoyaltyCard": null,
    "productPricePerUnitWithLoyaltyCard": null,
    "imageUrl": "https://cdn.barbora.lv/products/3fbd184c-bfde-40ce-a5ff-724f5833adc0_s.png",
    "available": false,
    "discount": null
  },
  {
    "shop": "MAXIMA",
    "categories": [
      1,
      1001,
      1001003
    ],
    "productName": "Vīns J.P.CHENET Cabernet Syrah 13%BIB 3L",
    "productPriceOld": null,
    "productPrice": null,
    "productPricePerUnit": null,
    "productPriceWithLoyaltyCard": null,
    "productPricePerUnitWithLoyaltyCard": null,
    "imageUrl": "https://cdn.barbora.lv/products/2686a06e-8c3b-4e35-92ff-ef4de568200b_s.png",
    "available": false,
    "discount": null
  },
  {
    "shop": "MAXIMA",
    "categories": [
      1,
      1001,
      1001003
    ],
    "productName": "Vīns TOKAJI FURMINT 12,5% 0,75L",
    "productPriceOld": null,
    "productPrice": null,
    "productPricePerUnit": null,
    "productPriceWithLoyaltyCard": null,
    "productPricePerUnitWithLoyaltyCard": null,
    "imageUrl": "https://cdn.barbora.lv/products/55c309a4-ba0c-4a07-b6cd-99b59bd49427_s.png",
    "available": false,
    "discount": null
  },
  {
    "shop": "MAXIMA",
    "categories": [
      1,
      1001,
      1001003
    ],
    "productName": "Vīns VILLA MARIA RIESLING 12% 0,75L",
    "productPriceOld": null,
    "productPrice": null,
    "productPricePerUnit": null,
    "productPriceWithLoyaltyCard": null,
    "productPricePerUnitWithLoyaltyCard": null,
    "imageUrl": "https://cdn.barbora.lv/products/f26a141e-a131-4366-bdb1-ba75a35bbc15_s.png",
    "available": false,
    "discount": null
  },
  {
    "shop": "MAXIMA",
    "categories": [
      1,
      1001,
      1001003
    ],
    "productName": "Vīns LE PETIT CHAT Rose 12,5% 0,75L",
    "productPriceOld": null,
    "productPrice": null,
    "productPricePerUnit": null,
    "productPriceWithLoyaltyCard": null,
    "productPricePerUnitWithLoyaltyCard": null,
    "imageUrl": "https://cdn.barbora.lv/products/0f493815-7938-4c8f-a848-974eb008a6b5_s.png",
    "available": false,
    "discount": null
  },
  {
    "shop": "MAXIMA",
    "categories": [
      1,
      1001,
      1001003
    ],
    "productName": "Vīns DOPPIO PASSO Appas.Pugl.14,5% 0,75L",
    "productPriceOld": null,
    "productPrice": null,
    "productPricePerUnit": null,
    "productPriceWithLoyaltyCard": null,
    "productPricePerUnitWithLoyaltyCard": null,
    "imageUrl": "https://cdn.barbora.lv/products/e5fd52b9-2d2a-49d3-9ae7-03e355f65535_s.png",
    "available": false,
    "discount": null
  },
  {
    "shop": "MAXIMA",
    "categories": [
      1,
      1001,
      1001003
    ],
    "productName": "Vīns RAOUL CLERGET Chablis 12,5% 0,75L",
    "productPriceOld": null,
    "productPrice": null,
    "productPricePerUnit": null,
    "productPriceWithLoyaltyCard": null,
    "productPricePerUnitWithLoyaltyCard": null,
    "imageUrl": "https://cdn.barbora.lv/products/43314706-b8be-4e2a-a17c-ded82d66b27f_s.png",
    "available": false,
    "discount": null
  },
  {
    "shop": "MAXIMA",
    "categories": [
      1,
      1001,
      1001003
    ],
    "productName": "Vīns TOMMASI Arele Appassimento 13%0,75L",
    "productPriceOld": null,
    "productPrice": null,
    "productPricePerUnit": null,
    "productPriceWithLoyaltyCard": null,
    "productPricePerUnitWithLoyaltyCard": null,
    "imageUrl": "https://cdn.barbora.lv/products/b1acb6f8-0d40-4bc1-bb09-d46547377376_s.png",
    "available": false,
    "discount": null
  },
  {
    "shop": "MAXIMA",
    "categories": [
      1,
      1001,
      1001003
    ],
    "productName": "Vīns LE PETIT CHAT White 12,5% 0,75L",
    "productPriceOld": null,
    "productPrice": null,
    "productPricePerUnit": null,
    "productPriceWithLoyaltyCard": null,
    "productPricePerUnitWithLoyaltyCard": null,
    "imageUrl": "https://cdn.barbora.lv/products/6eaecf74-bb66-4b8b-9129-0c9245ef4212_s.png",
    "available": false,
    "discount": null
  },
  {
    "shop": "MAXIMA",
    "categories": [
      1,
      1001,
      1001003
    ],
    "productName": "Vīns MASI CAMPOFIORIN RIPASSO 13% 0,75L",
    "productPriceOld": null,
    "productPrice": null,
    "productPricePerUnit": null,
    "productPriceWithLoyaltyCard": null,
    "productPricePerUnitWithLoyaltyCard": null,
    "imageUrl": "https://cdn.barbora.lv/products/50ff6a1f-6f38-461f-832c-fffcef7971fb_s.png",
    "available": false,
    "discount": null
  },
  {
    "shop": "MAXIMA",
    "categories": [
      1,
      1001,
      1001003
    ],
    "productName": "Vīns PRESTIGIUM BLANC MOELL 10,5% 0,75L",
    "productPriceOld": null,
    "productPrice": null,
    "productPricePerUnit": null,
    "productPriceWithLoyaltyCard": null,
    "productPricePerUnitWithLoyaltyCard": null,
    "imageUrl": "https://cdn.barbora.lv/products/b6bcfa1e-2b04-44ff-b9ba-7565d7d832dc_s.png",
    "available": false,
    "discount": null
  },
  {
    "shop": "MAXIMA",
    "categories": [
      1,
      1001,
      1001003
    ],
    "productName": "Vīns ZENATO VALPOLICELLA SUPERIORE 13,5%0,75L",
    "productPriceOld": null,
    "productPrice": null,
    "productPricePerUnit": null,
    "productPriceWithLoyaltyCard": null,
    "productPricePerUnitWithLoyaltyCard": null,
    "imageUrl": "https://cdn.barbora.lv/products/6439179a-748f-4421-96db-823830a3f99c_s.png",
    "available": false,
    "discount": null
  },
  {
    "shop": "MAXIMA",
    "categories": [
      1,
      1001,
      1001003
    ],
    "productName": "Vīns CANTINA Cellaro Due Lune 13,5%0,75L",
    "productPriceOld": null,
    "productPrice": null,
    "productPricePerUnit": null,
    "productPriceWithLoyaltyCard": null,
    "productPricePerUnitWithLoyaltyCard": null,
    "imageUrl": "https://cdn.barbora.lv/products/f43f95a0-41b8-47b7-af1c-d9c2cd1ba03a_s.png",
    "available": false,
    "discount": null
  },
  {
    "shop": "MAXIMA",
    "categories": [
      1,
      1001,
      1001003
    ],
    "productName": "Vīns ASKANELI TSINANDALI 13% 0,75L",
    "productPriceOld": null,
    "productPrice": null,
    "productPricePerUnit": null,
    "productPriceWithLoyaltyCard": null,
    "productPricePerUnitWithLoyaltyCard": null,
    "imageUrl": "https://cdn.barbora.lv/products/7d25d609-157f-40e1-b406-79c08a1be979_s.png",
    "available": false,
    "discount": null
  },
  {
    "shop": "MAXIMA",
    "categories": [
      1,
      1001,
      1001003
    ],
    "productName": "Vīns TORRE DEL.F.VALP.RIPASSO 13,5%0,75L",
    "productPriceOld": null,
    "productPrice": null,
    "productPricePerUnit": null,
    "productPriceWithLoyaltyCard": null,
    "productPricePerUnitWithLoyaltyCard": null,
    "imageUrl": "https://cdn.barbora.lv/products/44b0ee86-4b15-4f91-b78e-adf5f26f4a07_s.png",
    "available": false,
    "discount": null
  },
  {
    "shop": "MAXIMA",
    "categories": [
      1,
      1001,
      10010019
    ],
    "productName": "Stipr.alk.dzēriens BONAPARTE 38% 0,7l",
    "productPriceOld": null,
    "productPrice": null,
    "productPricePerUnit": null,
    "productPriceWithLoyaltyCard": null,
    "productPricePerUnitWithLoyaltyCard": null,
    "imageUrl": "https://cdn.barbora.lv/products/a33dea9e-8ca6-40aa-bb5b-aadfa1ddb509_s.png",
    "available": false,
    "discount": null
  },
  {
    "shop": "MAXIMA",
    "categories": [
      1,
      1001,
      10010016
    ],
    "productName": "Degvīns DANZKA VODKA GRAPEFRUIT40%0,7L",
    "productPriceOld": null,
    "productPrice": null,
    "productPricePerUnit": null,
    "productPriceWithLoyaltyCard": null,
    "productPricePerUnitWithLoyaltyCard": null,
    "imageUrl": "https://cdn.barbora.lv/products/2cd851bf-221d-412e-8702-a9b97a0338b8_s.png",
    "available": false,
    "discount": null
  },
  {
    "shop": "MAXIMA",
    "categories": [
      1,
      1001,
      10010016
    ],
    "productName": "Degvīns KUPECKA 40% 0,5L",
    "productPriceOld": null,
    "productPrice": null,
    "productPricePerUnit": null,
    "productPriceWithLoyaltyCard": null,
    "productPricePerUnitWithLoyaltyCard": null,
    "imageUrl": "https://cdn.barbora.lv/products/bffa83c6-fa7d-48d1-900a-9e3cc47c6d79_s.png",
    "available": false,
    "discount": null
  },
  {
    "shop": "MAXIMA",
    "categories": [
      1,
      1001,
      1001009
    ],
    "productName": "Viskijs MONKEY SHOULDER BL.MALT 40% 0,7L",
    "productPriceOld": null,
    "productPrice": null,
    "productPricePerUnit": null,
    "productPriceWithLoyaltyCard": null,
    "productPricePerUnitWithLoyaltyCard": null,
    "imageUrl": "https://cdn.barbora.lv/products/bedbbf43-51d1-448d-9096-0e501daf8a35_s.png",
    "available": false,
    "discount": null
  },
  {
    "shop": "MAXIMA",
    "categories": [
      1,
      1001,
      10010010
    ],
    "productName": "Brendijs ASKANELI 8YO 40% 0,5l",
    "productPriceOld": null,
    "productPrice": null,
    "productPricePerUnit": null,
    "productPriceWithLoyaltyCard": null,
    "productPricePerUnitWithLoyaltyCard": null,
    "imageUrl": "https://cdn.barbora.lv/products/77cd6897-2d47-466c-b2c3-9ef4cc16f29d_s.png",
    "available": false,
    "discount": null
  },
  {
    "shop": "MAXIMA",
    "categories": [
      1,
      1001,
      10010013
    ],
    "productName": "Liķieris Vana Tallinn 50% 0.5l",
    "productPriceOld": null,
    "productPrice": null,
    "productPricePerUnit": null,
    "productPriceWithLoyaltyCard": null,
    "productPricePerUnitWithLoyaltyCard": null,
    "imageUrl": "https://cdn.barbora.lv/products/fd89a5e7-1c50-42f9-83be-4586c9fcbb94_s.png",
    "available": false,
    "discount": null
  },
  {
    "shop": "MAXIMA",
    "categories": [
      1,
      1001,
      1001008
    ],
    "productName": "Konjaks HENNESSY VS 40% 0,7l",
    "productPriceOld": null,
    "productPrice": null,
    "productPricePerUnit": null,
    "productPriceWithLoyaltyCard": null,
    "productPricePerUnitWithLoyaltyCard": null,
    "imageUrl": "https://cdn.barbora.lv/products/6e129d6d-0378-475a-be5b-15d267103f5b_s.png",
    "available": false,
    "discount": null
  },
  {
    "shop": "MAXIMA",
    "categories": [
      1,
      1001,
      10010013
    ],
    "productName": "Liķieris COINTREAU 40% 0,5L",
    "productPriceOld": null,
    "productPrice": null,
    "productPricePerUnit": null,
    "productPriceWithLoyaltyCard": null,
    "productPricePerUnitWithLoyaltyCard": null,
    "imageUrl": "https://cdn.barbora.lv/products/b65e7bc2-f59e-4fe6-aec0-f2ea166c71ac_s.png",
    "available": false,
    "discount": null
  },
  {
    "shop": "MAXIMA",
    "categories": [
      1,
      1001,
      1001008
    ],
    "productName": "Konjaks CH.MONTIFAUD VSOP SABINA 40%0.5l",
    "productPriceOld": null,
    "productPrice": null,
    "productPricePerUnit": null,
    "productPriceWithLoyaltyCard": null,
    "productPricePerUnitWithLoyaltyCard": null,
    "imageUrl": "https://cdn.barbora.lv/products/8d8a562f-3fd4-4cb5-8490-a4a476a6c3c1_s.png",
    "available": false,
    "discount": null
  },
  {
    "shop": "MAXIMA",
    "categories": [
      1,
      1001,
      10010016
    ],
    "productName": "Degvīns STUMBRAS VODKA 40% 1L",
    "productPriceOld": null,
    "productPrice": null,
    "productPricePerUnit": null,
    "productPriceWithLoyaltyCard": null,
    "productPricePerUnitWithLoyaltyCard": null,
    "imageUrl": "https://cdn.barbora.lv/products/369d01cd-d5e7-451f-b1d6-14e4c48fa5ff_s.png",
    "available": false,
    "discount": null
  },
  {
    "shop": "MAXIMA",
    "categories": [
      1,
      1001,
      10010013
    ],
    "productName": "Liķieris ŠARLOTE KAFIJAS 17% 0,5l",
    "productPriceOld": null,
    "productPrice": null,
    "productPricePerUnit": null,
    "productPriceWithLoyaltyCard": null,
    "productPricePerUnitWithLoyaltyCard": null,
    "imageUrl": "https://cdn.barbora.lv/products/2b8d1e83-764f-4609-a116-c1b9e16bd755_s.png",
    "available": false,
    "discount": null
  },
  {
    "shop": "MAXIMA",
    "categories": [
      1,
      1001,
      10010016
    ],
    "productName": "Degvīns STUMBRAS Cidoniju 40% 0,7L",
    "productPriceOld": null,
    "productPrice": null,
    "productPricePerUnit": null,
    "productPriceWithLoyaltyCard": null,
    "productPricePerUnitWithLoyaltyCard": null,
    "imageUrl": "https://cdn.barbora.lv/products/7026d9df-1772-482f-b40f-ed937721348b_s.png",
    "available": false,
    "discount": null
  },
  {
    "shop": "MAXIMA",
    "categories": [
      1,
      1001,
      1001009
    ],
    "productName": "Viskijs TULLAMORE DEW 40% 0,7l",
    "productPriceOld": null,
    "productPrice": null,
    "productPricePerUnit": null,
    "productPriceWithLoyaltyCard": null,
    "productPricePerUnitWithLoyaltyCard": null,
    "imageUrl": "https://cdn.barbora.lv/products/160cdbd7-83db-4161-bcba-d28539ca9ea1_s.png",
    "available": false,
    "discount": null
  },
  {
    "shop": "MAXIMA",
    "categories": [
      1,
      1001,
      10010019
    ],
    "productName": "Stiprais alk. dz.METAXA 5* 38% 0,5l",
    "productPriceOld": null,
    "productPrice": null,
    "productPricePerUnit": null,
    "productPriceWithLoyaltyCard": null,
    "productPricePerUnitWithLoyaltyCard": null,
    "imageUrl": "https://cdn.barbora.lv/products/3a6e8699-5840-45e2-9e10-df432d698d1a_s.png",
    "available": false,
    "discount": null
  },
  {
    "shop": "MAXIMA",
    "categories": [
      1,
      1001,
      10010016
    ],
    "productName": "Degvīns HLIBNIJ DAR PŠENIČNA 40% 0,7L",
    "productPriceOld": null,
    "productPrice": null,
    "productPricePerUnit": null,
    "productPriceWithLoyaltyCard": null,
    "productPricePerUnitWithLoyaltyCard": null,
    "imageUrl": "https://cdn.barbora.lv/products/198c77e3-d3cd-49ad-b4a9-d26062a5093e_s.png",
    "available": false,
    "discount": null
  },
  {
    "shop": "MAXIMA",
    "categories": [
      1,
      1001,
      1001007
    ],
    "productName": "Rums ANGOSTURA DARK 7YO 40% 0,7L",
    "productPriceOld": null,
    "productPrice": null,
    "productPricePerUnit": null,
    "productPriceWithLoyaltyCard": null,
    "productPricePerUnitWithLoyaltyCard": null,
    "imageUrl": "https://cdn.barbora.lv/products/67f7a41f-a128-403c-95eb-7081d106611d_s.png",
    "available": false,
    "discount": null
  },
  {
    "shop": "MAXIMA",
    "categories": [
      1,
      1001,
      10010017
    ],
    "productName": "Absints ABYSSE 60% 0,7L",
    "productPriceOld": null,
    "productPrice": null,
    "productPricePerUnit": null,
    "productPriceWithLoyaltyCard": null,
    "productPricePerUnitWithLoyaltyCard": null,
    "imageUrl": "https://cdn.barbora.lv/products/62f51cf2-4262-43bf-bd1a-7e75d2ebdfe4_s.png",
    "available": false,
    "discount": null
  },
  {
    "shop": "MAXIMA",
    "categories": [
      1,
      1001,
      10010014
    ],
    "productName": "Balzams RIGA BLACK BALSAM Ķiršu 30% 0,2L",
    "productPriceOld": null,
    "productPrice": null,
    "productPricePerUnit": null,
    "productPriceWithLoyaltyCard": null,
    "productPricePerUnitWithLoyaltyCard": null,
    "imageUrl": "https://cdn.barbora.lv/products/7c573400-b5ef-4a3f-95cb-1ed2dcca2d24_s.png",
    "available": false,
    "discount": null
  },
  {
    "shop": "MAXIMA",
    "categories": [
      1,
      1001,
      10010014
    ],
    "productName": "Balzams RIGA BLACK BALSAM Ķiršu 30% 0,5L",
    "productPriceOld": null,
    "productPrice": null,
    "productPricePerUnit": null,
    "productPriceWithLoyaltyCard": null,
    "productPricePerUnitWithLoyaltyCard": null,
    "imageUrl": "https://cdn.barbora.lv/products/fe6d73a7-98c2-4d30-9a7d-d6f728cef31a_s.png",
    "available": false,
    "discount": null
  },
  {
    "shop": "MAXIMA",
    "categories": [
      1,
      1001,
      1001009
    ],
    "productName": "Viskijs TAMNAVULIN SPEYSIDE SM 40% 0,7L",
    "productPriceOld": null,
    "productPrice": null,
    "productPricePerUnit": null,
    "productPriceWithLoyaltyCard": null,
    "productPricePerUnitWithLoyaltyCard": null,
    "imageUrl": "https://cdn.barbora.lv/products/1d5dd780-ff2d-4e22-90ca-f585f850d928_s.png",
    "available": false,
    "discount": null
  },
  {
    "shop": "MAXIMA",
    "categories": [
      1,
      1001,
      10010016
    ],
    "productName": "Arom.degv.NEMIROFF WILD CRANB.37,5% 0,7L",
    "productPriceOld": null,
    "productPrice": null,
    "productPricePerUnit": null,
    "productPriceWithLoyaltyCard": null,
    "productPricePerUnitWithLoyaltyCard": null,
    "imageUrl": "https://cdn.barbora.lv/products/7b0e9ce8-e735-45be-84bb-507a98ca7efa_s.png",
    "available": false,
    "discount": null
  },
  {
    "shop": "MAXIMA",
    "categories": [
      1,
      1001,
      10010013
    ],
    "productName": "Uzlējums PIPARU RŪGTAIS Medus 35% 0,5L D",
    "productPriceOld": null,
    "productPrice": null,
    "productPricePerUnit": null,
    "productPriceWithLoyaltyCard": null,
    "productPricePerUnitWithLoyaltyCard": null,
    "imageUrl": "https://cdn.barbora.lv/products/8e260b8b-7afc-40ba-9861-5028a81a49e4_s.png",
    "available": false,
    "discount": null
  },
  {
    "shop": "MAXIMA",
    "categories": [
      2,
      2001,
      2001004
    ],
    "productName": "Rudzu maize ar kūpinātu gaļu 350g",
    "productPriceOld": null,
    "productPrice": null,
    "productPricePerUnit": null,
    "productPriceWithLoyaltyCard": null,
    "productPricePerUnitWithLoyaltyCard": null,
    "imageUrl": "https://cdn.barbora.lv/products/00612109-7838-4291-bde4-19ddc165260b_s.png",
    "available": false,
    "discount": null
  },
  {
    "shop": "MAXIMA",
    "categories": [
      2,
      2001,
      20010014
    ],
    "productName": "Kumosa maizītes ar kūpinātu gaļu sver.",
    "productPriceOld": null,
    "productPrice": null,
    "productPricePerUnit": null,
    "productPriceWithLoyaltyCard": null,
    "productPricePerUnitWithLoyaltyCard": null,
    "imageUrl": "https://cdn.barbora.lv/products/899f046b-97aa-4358-99a5-9ecf1e0278b8_s.png",
    "available": false,
    "discount": null
  },
  {
    "shop": "MAXIMA",
    "categories": [
      2,
      20010
    ],
    "productName": "Pīrādziņš ar speķi 40g",
    "productPriceOld": null,
    "productPrice": null,
    "productPricePerUnit": null,
    "productPriceWithLoyaltyCard": null,
    "productPricePerUnitWithLoyaltyCard": null,
    "imageUrl": "https://cdn.barbora.lv/products/b9f071a9-d1af-4f36-ae8c-8ee49596d066_s.png",
    "available": false,
    "discount": null
  },
  {
    "shop": "MAXIMA",
    "categories": [
      2,
      2001,
      20010014
    ],
    "productName": "Maizīte Ritenītis 70g",
    "productPriceOld": null,
    "productPrice": null,
    "productPricePerUnit": null,
    "productPriceWithLoyaltyCard": null,
    "productPricePerUnitWithLoyaltyCard": null,
    "imageUrl": "https://cdn.barbora.lv/products/f9e5ef66-ec71-4fe8-aa78-4c01d582f7f4_s.png",
    "available": false,
    "discount": null
  },
  {
    "shop": "MAXIMA",
    "categories": [
      2,
      2001,
      20010014
    ],
    "productName": "Maizīte Brokastu 50g",
    "productPriceOld": null,
    "productPrice": null,
    "productPricePerUnit": null,
    "productPriceWithLoyaltyCard": null,
    "productPricePerUnitWithLoyaltyCard": null,
    "imageUrl": "https://cdn.barbora.lv/products/6be59fbc-118a-4ef7-b011-77965af54a3d_s.png",
    "available": false,
    "discount": null
  },
  {
    "shop": "MAXIMA",
    "categories": [
      2,
      2001,
      2001002
    ],
    "productName": "Maize FRANČU 250g",
    "productPriceOld": null,
    "productPrice": null,
    "productPricePerUnit": null,
    "productPriceWithLoyaltyCard": null,
    "productPricePerUnitWithLoyaltyCard": null,
    "imageUrl": "https://cdn.barbora.lv/products/3bab3a36-9305-40c9-9d87-00ce63abfd40_s.png",
    "available": false,
    "discount": null
  },
  {
    "shop": "MAXIMA",
    "categories": [
      2,
      20011
    ],
    "productName": "Smalkmaizīte Pikantā ar picu piedevu 80g",
    "productPriceOld": null,
    "productPrice": null,
    "productPricePerUnit": null,
    "productPriceWithLoyaltyCard": null,
    "productPricePerUnitWithLoyaltyCard": null,
    "imageUrl": "https://cdn.barbora.lv/products/11122903-ee71-48fe-92b6-6010921082c7_s.png",
    "available": false,
    "discount": null
  },
  {
    "shop": "MAXIMA",
    "categories": [
      2,
      2001,
      2001002
    ],
    "productName": "Baltmaize KUNGU sagriezta 400g",
    "productPriceOld": null,
    "productPrice": null,
    "productPricePerUnit": null,
    "productPriceWithLoyaltyCard": null,
    "productPricePerUnitWithLoyaltyCard": null,
    "imageUrl": "https://cdn.barbora.lv/products/e30dc3fc-b2df-4f16-87d0-731c1856bad3_s.png",
    "available": false,
    "discount": null
  },
  {
    "shop": "MAXIMA",
    "categories": [
      2,
      2001,
      2001003
    ],
    "productName": "Tostermaize Latvijas Tost Maize klasiskā 500g",
    "productPriceOld": null,
    "productPrice": null,
    "productPricePerUnit": null,
    "productPriceWithLoyaltyCard": null,
    "productPricePerUnitWithLoyaltyCard": null,
    "imageUrl": "https://cdn.barbora.lv/products/0aa97af9-4589-480f-9e77-76cb5b1119a7_s.png",
    "available": false,
    "discount": null
  },
  {
    "shop": "MAXIMA",
    "categories": [
      2,
      2001,
      2001003
    ],
    "productName": "Sendviču polārmaize FAZER 450g",
    "productPriceOld": null,
    "productPrice": null,
    "productPricePerUnit": null,
    "productPriceWithLoyaltyCard": null,
    "productPricePerUnitWithLoyaltyCard": null,
    "imageUrl": "https://cdn.barbora.lv/products/262b637d-2cd7-475d-a1df-f2e10368bc61_s.png",
    "available": false,
    "discount": null
  },
  {
    "shop": "MAXIMA",
    "categories": [
      2,
      2001,
      2001005
    ],
    "productName": "Saldskābmaize KURŠU puse, sagriezta 390g",
    "productPriceOld": null,
    "productPrice": null,
    "productPricePerUnit": null,
    "productPriceWithLoyaltyCard": null,
    "productPricePerUnitWithLoyaltyCard": null,
    "imageUrl": "https://cdn.barbora.lv/products/75f7fe6e-10bb-42f8-8ed5-8c14b8c68213_s.png",
    "available": false,
    "discount": null
  },
  {
    "shop": "MAXIMA",
    "categories": [
      2,
      2001,
      20010011
    ],
    "productName": "Maize PĻAVAS Vizbulīte tumšā sēklu 300g",
    "productPriceOld": null,
    "productPrice": null,
    "productPricePerUnit": null,
    "productPriceWithLoyaltyCard": null,
    "productPricePerUnitWithLoyaltyCard": null,
    "imageUrl": "https://cdn.barbora.lv/products/794d31a2-0a5a-4f6c-b780-3dd148831982_s.png",
    "available": false,
    "discount": null
  },
  {
    "shop": "MAXIMA",
    "categories": [
      2,
      2001,
      2001003
    ],
    "productName": "Tostermaize FAZER GARDĀ 500g",
    "productPriceOld": null,
    "productPrice": null,
    "productPricePerUnit": null,
    "productPriceWithLoyaltyCard": null,
    "productPricePerUnitWithLoyaltyCard": null,
    "imageUrl": "https://cdn.barbora.lv/products/12295774-90d4-4799-ba20-3f0768daf066_s.png",
    "available": false,
    "discount": null
  },
  {
    "shop": "MAXIMA",
    "categories": [
      2,
      2001,
      2001002
    ],
    "productName": "Baltmaize LIELKUNGU 600g",
    "productPriceOld": null,
    "productPrice": null,
    "productPricePerUnit": null,
    "productPriceWithLoyaltyCard": null,
    "productPricePerUnitWithLoyaltyCard": null,
    "imageUrl": "https://cdn.barbora.lv/products/61168a9d-6a4a-4ddc-abbd-4275762dc150_s.png",
    "available": false,
    "discount": null
  },
  {
    "shop": "MAXIMA",
    "categories": [
      2,
      2001,
      2001005
    ],
    "productName": "Saldskābmaize KURŠU sagriezta 800g",
    "productPriceOld": null,
    "productPrice": null,
    "productPricePerUnit": null,
    "productPriceWithLoyaltyCard": null,
    "productPricePerUnitWithLoyaltyCard": null,
    "imageUrl": "https://cdn.barbora.lv/products/6beda112-7189-463e-9f71-7bee8708cd66_s.png",
    "available": false,
    "discount": null
  },
  {
    "shop": "MAXIMA",
    "categories": [
      2,
      2001,
      2001004
    ],
    "productName": "Maize LATVIJAS GRAUDU rudzu 800g",
    "productPriceOld": null,
    "productPrice": null,
    "productPricePerUnit": null,
    "productPriceWithLoyaltyCard": null,
    "productPricePerUnitWithLoyaltyCard": null,
    "imageUrl": "https://cdn.barbora.lv/products/804b3b6c-b1ff-46b1-8bdc-26bdbb77637a_s.png",
    "available": false,
    "discount": null
  },
  {
    "shop": "MAXIMA",
    "categories": [
      2,
      2001,
      20010014
    ],
    "productName": "Burkānmaize LĀČI 310g",
    "productPriceOld": null,
    "productPrice": null,
    "productPricePerUnit": null,
    "productPriceWithLoyaltyCard": null,
    "productPricePerUnitWithLoyaltyCard": null,
    "imageUrl": "https://cdn.barbora.lv/products/9c7f4386-1ef3-4d8b-ba4b-b905d5f39458_s.png",
    "available": false,
    "discount": null
  },
  {
    "shop": "MAXIMA",
    "categories": [
      2,
      2001,
      2001004
    ],
    "productName": "Rudzu maize ZELTENE 390g",
    "productPriceOld": null,
    "productPrice": null,
    "productPricePerUnit": null,
    "productPriceWithLoyaltyCard": null,
    "productPricePerUnitWithLoyaltyCard": null,
    "imageUrl": "https://cdn.barbora.lv/products/0042fe8f-9df5-4dc0-988f-051a52369ab2_s.png",
    "available": false,
    "discount": null
  },
  {
    "shop": "MAXIMA",
    "categories": [
      2,
      2001,
      2001003
    ],
    "productName": "Sendviču maize TOSTĒ ar sēklām 470g",
    "productPriceOld": null,
    "productPrice": null,
    "productPricePerUnit": null,
    "productPriceWithLoyaltyCard": null,
    "productPricePerUnitWithLoyaltyCard": null,
    "imageUrl": "https://cdn.barbora.lv/products/2eba94f3-60ab-48ac-975d-442ca41ca4d8_s.png",
    "available": false,
    "discount": null
  },
  {
    "shop": "MAXIMA",
    "categories": [
      2,
      2001,
      2001005
    ],
    "productName": "Sīpolmaize saldskābā DONA 270g",
    "productPriceOld": null,
    "productPrice": null,
    "productPricePerUnit": null,
    "productPriceWithLoyaltyCard": null,
    "productPricePerUnitWithLoyaltyCard": null,
    "imageUrl": "https://cdn.barbora.lv/products/09417126-26cd-4e54-9401-af714b481745_s.png",
    "available": false,
    "discount": null
  },
  {
    "shop": "MAXIMA",
    "categories": [
      2,
      2001,
      2001004
    ],
    "productName": "Rudzu maize ZELTENE 800g",
    "productPriceOld": null,
    "productPrice": null,
    "productPricePerUnit": null,
    "productPriceWithLoyaltyCard": null,
    "productPricePerUnitWithLoyaltyCard": null,
    "imageUrl": "https://cdn.barbora.lv/products/72006072-4511-46da-84b2-517a16592c75_s.png",
    "available": false,
    "discount": null
  },
  {
    "shop": "MAXIMA",
    "productName": "Fazer DZĪVĀ Saulespuķu maize 500g",
    "productPriceOld": null,
    "productPrice": null,
    "productPricePerUnit": null,
    "productPriceWithLoyaltyCard": null,
    "productPricePerUnitWithLoyaltyCard": null,
    "imageUrl": "https://cdn.barbora.lv/products/16433f09-a9da-42c1-bd2f-5fe64e3bb3d4_s.png",
    "available": false,
    "discount": null,
    "categories": [
      2,
      2001,
      20010011
    ]
  },
  {
    "shop": "MAXIMA",
    "categories": [
      2,
      2001,
      2001005
    ],
    "productName": "Saldskābmaize Lāči Īsta 310g",
    "productPriceOld": null,
    "productPrice": null,
    "productPricePerUnit": null,
    "productPriceWithLoyaltyCard": null,
    "productPricePerUnitWithLoyaltyCard": null,
    "imageUrl": "https://cdn.barbora.lv/products/d2d51576-81df-4292-8f77-26c5f8c4ac88_s.png",
    "available": false,
    "discount": null
  },
  {
    "shop": "MAXIMA",
    "categories": [
      2,
      2001,
      2001006
    ],
    "productName": "Rupjmaize Lāči Īsta 310g",
    "productPriceOld": null,
    "productPrice": null,
    "productPricePerUnit": null,
    "productPriceWithLoyaltyCard": null,
    "productPricePerUnitWithLoyaltyCard": null,
    "imageUrl": "https://cdn.barbora.lv/products/4c24318e-3421-4091-b380-bb41baefcc76_s.png",
    "available": false,
    "discount": null
  },
  {
    "shop": "MAXIMA",
    "categories": [
      2,
      2001,
      20010011
    ],
    "productName": "Gaišā sēklu maize MANA MAIZE 500g",
    "productPriceOld": null,
    "productPrice": null,
    "productPricePerUnit": null,
    "productPriceWithLoyaltyCard": null,
    "productPricePerUnitWithLoyaltyCard": null,
    "imageUrl": "https://cdn.barbora.lv/products/36b6edc8-a80a-4e7c-ab19-35d8b6c36b37_s.png",
    "available": false,
    "discount": null
  },
  {
    "shop": "MAXIMA",
    "categories": [
      2,
      2001,
      2001003
    ],
    "productName": "Sendviču sēklu tostermaize PĻAVAS 525g",
    "productPriceOld": null,
    "productPrice": null,
    "productPricePerUnit": null,
    "productPriceWithLoyaltyCard": null,
    "productPricePerUnitWithLoyaltyCard": null,
    "imageUrl": "https://cdn.barbora.lv/products/0847310f-b393-4253-b47b-95b6adf6e34b_s.png",
    "available": false,
    "discount": null
  },
  {
    "shop": "MAXIMA",
    "categories": [
      2,
      2001,
      2001004,
      2001001
    ],
    "productName": "Pilngraudu rudzu maize Kungu HM 800g",
    "productPriceOld": null,
    "productPrice": null,
    "productPricePerUnit": null,
    "productPriceWithLoyaltyCard": null,
    "productPricePerUnitWithLoyaltyCard": null,
    "imageUrl": "https://cdn.barbora.lv/products/b8c96ca4-e86d-49b9-a7d0-140c1a28f970_s.png",
    "available": false,
    "discount": null
  },
  {
    "shop": "MAXIMA",
    "categories": [
      2,
      2001,
      2001003,
      2001001
    ],
    "productName": "Tostermaize TOSTE pilngr.ar D vit.500g",
    "productPriceOld": null,
    "productPrice": null,
    "productPricePerUnit": null,
    "productPriceWithLoyaltyCard": null,
    "productPricePerUnitWithLoyaltyCard": null,
    "imageUrl": "https://cdn.barbora.lv/products/27efc768-5dd3-4855-967d-850573833b49_s.png",
    "available": false,
    "discount": null
  },
  {
    "shop": "MAXIMA",
    "categories": [
      2,
      2001,
      20010010
    ],
    "productName": "Auzu polārmaize FAZER Street Food 180g",
    "productPriceOld": null,
    "productPrice": null,
    "productPricePerUnit": null,
    "productPriceWithLoyaltyCard": null,
    "productPricePerUnitWithLoyaltyCard": null,
    "imageUrl": "https://cdn.barbora.lv/products/e784dee1-d3b3-4e82-87e7-a70845c1706f_s.png",
    "available": false,
    "discount": null
  },
  {
    "shop": "MAXIMA",
    "categories": [
      2,
      2001,
      2001004
    ],
    "productName": "Rudzu maize MANA MAIZE 800g",
    "productPriceOld": null,
    "productPrice": null,
    "productPricePerUnit": null,
    "productPriceWithLoyaltyCard": null,
    "productPricePerUnitWithLoyaltyCard": null,
    "imageUrl": "https://cdn.barbora.lv/products/5f9c97dd-06f1-4eeb-9621-14ac78c670bc_s.png",
    "available": false,
    "discount": null
  },
  {
    "shop": "MAXIMA",
    "categories": [
      2,
      2001,
      2001004
    ],
    "productName": "Rudzu maize formas Borodina DONA 290g",
    "productPriceOld": null,
    "productPrice": null,
    "productPricePerUnit": null,
    "productPriceWithLoyaltyCard": null,
    "productPricePerUnitWithLoyaltyCard": null,
    "imageUrl": "https://cdn.barbora.lv/products/0ebabebe-6774-48c3-b2de-31a86e18a1cc_s.png",
    "available": false,
    "discount": null
  },
  {
    "shop": "MAXIMA",
    "categories": [
      2,
      2001,
      2001006
    ],
    "productName": "Rupjmaize Lāči Īsta no lielā kukuļa 400g",
    "productPriceOld": null,
    "productPrice": null,
    "productPricePerUnit": null,
    "productPriceWithLoyaltyCard": null,
    "productPricePerUnitWithLoyaltyCard": null,
    "imageUrl": "https://cdn.barbora.lv/products/f02cab3c-72d5-431e-af25-2ea49ba117da_s.png",
    "available": false,
    "discount": null
  },
  {
    "shop": "MAXIMA",
    "categories": [
      2,
      2001,
      2001002
    ],
    "productName": "Baltmaize LIELĀ BROKASTU sagriezta 500g",
    "productPriceOld": null,
    "productPrice": null,
    "productPricePerUnit": null,
    "productPriceWithLoyaltyCard": null,
    "productPricePerUnitWithLoyaltyCard": null,
    "imageUrl": "https://cdn.barbora.lv/products/a31ad575-bf51-4492-9bd0-6962c70bbc0c_s.png",
    "available": false,
    "discount": null
  },
  {
    "shop": "MAXIMA",
    "categories": [
      2,
      2001,
      2001004
    ],
    "productName": "Rudzu sēklu maize Fazer 400g",
    "productPriceOld": null,
    "productPrice": null,
    "productPricePerUnit": null,
    "productPriceWithLoyaltyCard": null,
    "productPricePerUnitWithLoyaltyCard": null,
    "imageUrl": "https://cdn.barbora.lv/products/95b7c40b-b8f1-40f0-b70a-7c1286a4878f_s.png",
    "available": false,
    "discount": null
  },
  {
    "shop": "MAXIMA",
    "categories": [
      2,
      2001,
      2001004
    ],
    "productName": "Maize rudzu FAZER sēklu bagātīgās šķēles 400g",
    "productPriceOld": null,
    "productPrice": null,
    "productPricePerUnit": null,
    "productPriceWithLoyaltyCard": null,
    "productPricePerUnitWithLoyaltyCard": null,
    "imageUrl": "https://cdn.barbora.lv/products/1fd1b77a-e596-484b-8bcd-1ac141b4257f_s.png",
    "available": false,
    "discount": null
  },
  {
    "shop": "MAXIMA",
    "categories": [
      2,
      2001,
      2001004
    ],
    "productName": "Rudzu maize ĪSTENĀ ar sēklām 730g",
    "productPriceOld": null,
    "productPrice": null,
    "productPricePerUnit": null,
    "productPriceWithLoyaltyCard": null,
    "productPricePerUnitWithLoyaltyCard": null,
    "imageUrl": "https://cdn.barbora.lv/products/7a73d8b0-3b79-4d9c-b4f4-f08e975b6271_s.png",
    "available": false,
    "discount": null
  },
  {
    "shop": "MAXIMA",
    "categories": [
      2,
      2001,
      2001004
    ],
    "productName": "Maize LATVIJAS GRAUDU gaišā rudzu 800g",
    "productPriceOld": null,
    "productPrice": null,
    "productPricePerUnit": null,
    "productPriceWithLoyaltyCard": null,
    "productPricePerUnitWithLoyaltyCard": null,
    "imageUrl": "https://cdn.barbora.lv/products/3f17f71d-13aa-4c84-9b48-b43657106319_s.png",
    "available": false,
    "discount": null
  },
  {
    "shop": "MAXIMA",
    "categories": [
      2,
      2001,
      2001003
    ],
    "productName": "Tostermaize Pļavas 4 sēklu 400g",
    "productPriceOld": null,
    "productPrice": null,
    "productPricePerUnit": null,
    "productPriceWithLoyaltyCard": null,
    "productPricePerUnitWithLoyaltyCard": null,
    "imageUrl": "https://cdn.barbora.lv/products/93adaf3a-79e0-43a8-be1f-68da66fc191c_s.png",
    "available": false,
    "discount": null
  },
  {
    "shop": "MAXIMA",
    "categories": [
      2,
      2001,
      2001004
    ],
    "productName": "Saldskābmaize Zeltene gaišā rudzu 390g",
    "productPriceOld": null,
    "productPrice": null,
    "productPricePerUnit": null,
    "productPriceWithLoyaltyCard": null,
    "productPricePerUnitWithLoyaltyCard": null,
    "imageUrl": "https://cdn.barbora.lv/products/be9d39d4-b9c6-4e62-94af-d1d9a6e8f418_s.png",
    "available": false,
    "discount": null
  },
  {
    "shop": "MAXIMA",
    "categories": [
      2,
      2001,
      20010011
    ],
    "productName": "Maize tumšā sēklu LĀČI sagriezta 250g",
    "productPriceOld": null,
    "productPrice": null,
    "productPricePerUnit": null,
    "productPriceWithLoyaltyCard": null,
    "productPricePerUnitWithLoyaltyCard": null,
    "imageUrl": "https://cdn.barbora.lv/products/62366b6b-fe28-4c6e-9959-19c3a8dc52fb_s.png",
    "available": false,
    "discount": null
  },
  {
    "shop": "MAXIMA",
    "categories": [
      2,
      2001,
      2001009
    ],
    "productName": "Burgeru maizītes Klasiskās 4 gab 320g",
    "productPriceOld": null,
    "productPrice": null,
    "productPricePerUnit": null,
    "productPriceWithLoyaltyCard": null,
    "productPricePerUnitWithLoyaltyCard": null,
    "imageUrl": "https://cdn.barbora.lv/products/d069a6b9-55fc-43b8-82de-9a6488f1f6ff_s.png",
    "available": false,
    "discount": null
  },
  {
    "shop": "MAXIMA",
    "categories": [
      2,
      2001,
      2001004
    ],
    "productName": "Fazer Gardā Rudzu klaips 800g",
    "productPriceOld": null,
    "productPrice": null,
    "productPricePerUnit": null,
    "productPriceWithLoyaltyCard": null,
    "productPricePerUnitWithLoyaltyCard": null,
    "imageUrl": "https://cdn.barbora.lv/products/741c8044-8150-4ab0-a0d3-5ffc15b0a2a4_s.png",
    "available": false,
    "discount": null
  },
  {
    "shop": "MAXIMA",
    "categories": [
      2,
      2001,
      20010011
    ],
    "productName": "Maize sēklu LĀČI sagriezta 250g",
    "productPriceOld": null,
    "productPrice": null,
    "productPricePerUnit": null,
    "productPriceWithLoyaltyCard": null,
    "productPricePerUnitWithLoyaltyCard": null,
    "imageUrl": "https://cdn.barbora.lv/products/c1a1f79f-dc56-4783-ab04-542cde7c1b50_s.png",
    "available": false,
    "discount": null
  },
  {
    "shop": "MAXIMA",
    "categories": [
      2,
      2001,
      2001002
    ],
    "productName": "Baltmaize rudzu Lielmaize LM 500g",
    "productPriceOld": null,
    "productPrice": null,
    "productPricePerUnit": null,
    "productPriceWithLoyaltyCard": null,
    "productPricePerUnitWithLoyaltyCard": null,
    "imageUrl": "https://cdn.barbora.lv/products/5e3574de-60bd-48f9-b59a-78a8766a4fa7_s.png",
    "available": false,
    "discount": null
  },
  {
    "shop": "MAXIMA",
    "categories": [
      2,
      2001,
      20010010
    ],
    "productName": "Polārmaize FAZER Street Food 140g",
    "productPriceOld": null,
    "productPrice": null,
    "productPricePerUnit": null,
    "productPriceWithLoyaltyCard": null,
    "productPricePerUnitWithLoyaltyCard": null,
    "imageUrl": "https://cdn.barbora.lv/products/c45886cd-5782-4533-8d9d-b822a5680264_s.png",
    "available": false,
    "discount": null
  },
  {
    "shop": "MAXIMA",
    "categories": [
      2,
      2001,
      2001004,
      2001001
    ],
    "productName": "Rudzu pilngraudu maize ar dārzeņiem ĪSTENĀ 430g",
    "productPriceOld": null,
    "productPrice": null,
    "productPricePerUnit": null,
    "productPriceWithLoyaltyCard": null,
    "productPricePerUnitWithLoyaltyCard": null,
    "imageUrl": "https://cdn.barbora.lv/products/1f828108-40fd-4309-901a-d69504040f9c_s.png",
    "available": false,
    "discount": null
  },
  {
    "shop": "MAXIMA",
    "categories": [
      2,
      2001,
      2001004
    ],
    "productName": "Rudzu maize Brokastu HM 800g",
    "productPriceOld": null,
    "productPrice": null,
    "productPricePerUnit": null,
    "productPriceWithLoyaltyCard": null,
    "productPricePerUnitWithLoyaltyCard": null,
    "imageUrl": "https://cdn.barbora.lv/products/7b48b422-ba08-4941-ab8e-deca1c8b6064_s.png",
    "available": false,
    "discount": null
  },
  {
    "shop": "MAXIMA",
    "categories": [
      2,
      2001,
      20010011
    ],
    "productName": "Maize sēklu Bagātīgā LĀČI 400g",
    "productPriceOld": null,
    "productPrice": null,
    "productPricePerUnit": null,
    "productPriceWithLoyaltyCard": null,
    "productPricePerUnitWithLoyaltyCard": null,
    "imageUrl": "https://cdn.barbora.lv/products/b80a2965-fd11-4a53-a58a-c66c3f3c52bb_s.png",
    "available": false,
    "discount": null
  },
  {
    "shop": "MAXIMA",
    "categories": [
      2,
      2001,
      20010011
    ],
    "productName": "Maize ZELTENE ar sēklām 800g",
    "productPriceOld": null,
    "productPrice": null,
    "productPricePerUnit": null,
    "productPriceWithLoyaltyCard": null,
    "productPricePerUnitWithLoyaltyCard": null,
    "imageUrl": "https://cdn.barbora.lv/products/90d451cc-58ad-4286-8c77-8505fdd8e324_s.png",
    "available": false,
    "discount": null
  },
  {
    "shop": "MAXIMA",
    "categories": [
      2,
      2005
    ],
    "productName": "Kūka Vīnes šokolādes KŪKO 350g",
    "productPriceOld": null,
    "productPrice": null,
    "productPricePerUnit": null,
    "productPriceWithLoyaltyCard": null,
    "productPricePerUnitWithLoyaltyCard": null,
    "imageUrl": "https://cdn.barbora.lv/products/bc2f2d9e-1756-4d87-bb3c-998dee4e1c30_s.png",
    "available": false,
    "discount": null
  },
  {
    "shop": "MAXIMA",
    "categories": [
      2,
      2005
    ],
    "productName": "Kūka Napoleons KŪKO 400g",
    "productPriceOld": null,
    "productPrice": null,
    "productPricePerUnit": null,
    "productPriceWithLoyaltyCard": null,
    "productPricePerUnitWithLoyaltyCard": null,
    "imageUrl": "https://cdn.barbora.lv/products/8f7c61ae-d67b-4c37-8c30-8fb4cc0794d0_s.png",
    "available": false,
    "discount": null
  },
  {
    "shop": "MAXIMA",
    "categories": [
      2,
      2005
    ],
    "productName": "Kūciņas Vēja pikas vārītā krēma STABURADZE 200g",
    "productPriceOld": null,
    "productPrice": null,
    "productPricePerUnit": null,
    "productPriceWithLoyaltyCard": null,
    "productPricePerUnitWithLoyaltyCard": null,
    "imageUrl": "https://cdn.barbora.lv/products/bec29686-c784-4492-a98a-01dd929fb589_s.png",
    "available": false,
    "discount": null
  },
  {
    "shop": "MAXIMA",
    "categories": [
      2,
      2007
    ],
    "productName": "Kēkss ar rozīnēm 400g",
    "productPriceOld": null,
    "productPrice": null,
    "productPricePerUnit": null,
    "productPriceWithLoyaltyCard": null,
    "productPricePerUnitWithLoyaltyCard": null,
    "imageUrl": "https://cdn.barbora.lv/products/55c9afe7-655b-4596-a138-c38d0b7696db_s.png",
    "available": false,
    "discount": null
  },
  {
    "shop": "MAXIMA",
    "categories": [
      2,
      2005
    ],
    "productName": "Rulete ar želejas gabaliņiem RULĒ 300g",
    "productPriceOld": null,
    "productPrice": null,
    "productPricePerUnit": null,
    "productPriceWithLoyaltyCard": null,
    "productPricePerUnitWithLoyaltyCard": null,
    "imageUrl": "https://cdn.barbora.lv/products/f4c93a46-77b6-4639-aa70-ecba7664bd5c_s.png",
    "available": false,
    "discount": null
  },
  {
    "shop": "MAXIMA",
    "categories": [
      2,
      2002
    ],
    "productName": "Torte Umka PELLIJA 700g",
    "productPriceOld": null,
    "productPrice": null,
    "productPricePerUnit": null,
    "productPriceWithLoyaltyCard": null,
    "productPricePerUnitWithLoyaltyCard": null,
    "imageUrl": "https://cdn.barbora.lv/products/12534a09-e214-4a17-b060-cd3b82706363_s.png",
    "available": false,
    "discount": null
  },
  {
    "shop": "MAXIMA",
    "categories": [
      2,
      2005
    ],
    "productName": "Kūka Karameļu-medus KŪKO 300g",
    "productPriceOld": null,
    "productPrice": null,
    "productPricePerUnit": null,
    "productPriceWithLoyaltyCard": null,
    "productPricePerUnitWithLoyaltyCard": null,
    "imageUrl": "https://cdn.barbora.lv/products/08b90411-0526-46e1-b69e-4573ab2d55d6_s.png",
    "available": false,
    "discount": null
  },
  {
    "shop": "MAXIMA",
    "categories": [
      2,
      2005
    ],
    "productName": "Rulete dzērveņu RULĒ 300g",
    "productPriceOld": null,
    "productPrice": null,
    "productPricePerUnit": null,
    "productPriceWithLoyaltyCard": null,
    "productPricePerUnitWithLoyaltyCard": null,
    "imageUrl": "https://cdn.barbora.lv/products/68bda1a1-f502-434c-9eaf-6bd880ea8c2d_s.png",
    "available": false,
    "discount": null
  },
  {
    "shop": "MAXIMA",
    "categories": [
      2,
      2005
    ],
    "productName": "Biskvītkūka BALCONI ar kakao pildījumu 280g",
    "productPriceOld": null,
    "productPrice": null,
    "productPricePerUnit": null,
    "productPriceWithLoyaltyCard": null,
    "productPricePerUnitWithLoyaltyCard": null,
    "imageUrl": "https://cdn.barbora.lv/products/6a194a83-38aa-44a8-83e2-49ff02789b5d_s.png",
    "available": false,
    "discount": null
  },
  {
    "shop": "MAXIMA",
    "categories": [
      2,
      2005
    ],
    "productName": "Kūka Mango MEISTARA MARKA 400g",
    "productPriceOld": null,
    "productPrice": null,
    "productPricePerUnit": null,
    "productPriceWithLoyaltyCard": null,
    "productPricePerUnitWithLoyaltyCard": null,
    "imageUrl": "https://cdn.barbora.lv/products/8f292925-da42-4e5b-80a6-5d04c112e237_s.png",
    "available": false,
    "discount": null
  },
  {
    "shop": "MAXIMA",
    "categories": [
      2,
      2007
    ],
    "productName": "Kēkss ST MICHEL MADELEINES mini 175g",
    "productPriceOld": null,
    "productPrice": null,
    "productPricePerUnit": null,
    "productPriceWithLoyaltyCard": null,
    "productPricePerUnitWithLoyaltyCard": null,
    "imageUrl": "https://cdn.barbora.lv/products/b78e902e-b6a4-4f92-8554-b519564e6389_s.png",
    "available": false,
    "discount": null
  },
  {
    "shop": "MAXIMA",
    "categories": [
      2,
      2002
    ],
    "productName": "Torte krējuma Odziņa 1.3kg",
    "productPriceOld": null,
    "productPrice": null,
    "productPricePerUnit": null,
    "productPriceWithLoyaltyCard": null,
    "productPricePerUnitWithLoyaltyCard": null,
    "imageUrl": "https://cdn.barbora.lv/products/473d802c-86cb-47bc-b8d2-4552b3a6a322_s.png",
    "available": false,
    "discount": null
  },
  {
    "shop": "MAXIMA",
    "categories": [
      2,
      2002
    ],
    "productName": "Torte Ķiršu šokolādes LM 600g",
    "productPriceOld": null,
    "productPrice": null,
    "productPricePerUnit": null,
    "productPriceWithLoyaltyCard": null,
    "productPricePerUnitWithLoyaltyCard": null,
    "imageUrl": "https://cdn.barbora.lv/products/0b37b80e-ce00-4e10-98b7-dc2f829e03b1_s.png",
    "available": false,
    "discount": null
  },
  {
    "shop": "MAXIMA",
    "categories": [
      2,
      2007
    ],
    "productName": "Mafins ar šokolādes pildījumu 105g",
    "productPriceOld": null,
    "productPrice": null,
    "productPricePerUnit": null,
    "productPriceWithLoyaltyCard": null,
    "productPricePerUnitWithLoyaltyCard": null,
    "imageUrl": "https://cdn.barbora.lv/products/1550dcd7-e44a-4523-a098-2c3eabe98e35_s.png",
    "available": false,
    "discount": null
  },
  {
    "shop": "MAXIMA",
    "categories": [
      2,
      2005
    ],
    "productName": "Kūka Melleņu siera STABURADZE 700g",
    "productPriceOld": null,
    "productPrice": null,
    "productPricePerUnit": null,
    "productPriceWithLoyaltyCard": null,
    "productPricePerUnitWithLoyaltyCard": null,
    "imageUrl": "https://cdn.barbora.lv/products/6dfe6b6c-0931-4160-80c0-9a8c3ccd54d8_s.png",
    "available": false,
    "discount": null
  },
  {
    "shop": "MAXIMA",
    "categories": [
      2,
      2005
    ],
    "productName": "Siera kūka MEISTARA MARKA 650g",
    "productPriceOld": null,
    "productPrice": null,
    "productPricePerUnit": null,
    "productPriceWithLoyaltyCard": null,
    "productPricePerUnitWithLoyaltyCard": null,
    "imageUrl": "https://cdn.barbora.lv/products/40832715-06f2-47a5-9137-71efba0db614_s.png",
    "available": false,
    "discount": null
  },
  {
    "shop": "MAXIMA",
    "categories": [
      2,
      2002
    ],
    "productName": "Torte Rīgas m.balz.upeņu STABURADZE 700g",
    "productPriceOld": null,
    "productPrice": null,
    "productPricePerUnit": null,
    "productPriceWithLoyaltyCard": null,
    "productPricePerUnitWithLoyaltyCard": null,
    "imageUrl": "https://cdn.barbora.lv/products/57756650-778b-4a2e-8de1-20b6bdaf3405_s.png",
    "available": false,
    "discount": null
  },
  {
    "shop": "MAXIMA",
    "categories": [
      2,
      2001,
      20010015
    ],
    "productName": "Lavašs ORIENTAL 190g",
    "productPriceOld": null,
    "productPrice": null,
    "productPricePerUnit": null,
    "productPriceWithLoyaltyCard": null,
    "productPricePerUnitWithLoyaltyCard": null,
    "imageUrl": "https://cdn.barbora.lv/products/c931aa9f-fe09-49df-9644-3b876dc04bef_s.png",
    "available": false,
    "discount": null
  },
  {
    "shop": "MAXIMA",
    "categories": [
      2,
      2001,
      20010015
    ],
    "productName": "Maize KEBABA 210g",
    "productPriceOld": null,
    "productPrice": null,
    "productPricePerUnit": null,
    "productPriceWithLoyaltyCard": null,
    "productPricePerUnitWithLoyaltyCard": null,
    "imageUrl": "https://cdn.barbora.lv/products/1ac99a35-8161-4fa1-9d13-eb19f06453c0_s.png",
    "available": false,
    "discount": null
  },
  {
    "shop": "MAXIMA",
    "categories": [
      2,
      2001,
      20010015
    ],
    "productName": "Maize Arābu 250g",
    "productPriceOld": null,
    "productPrice": null,
    "productPricePerUnit": null,
    "productPriceWithLoyaltyCard": null,
    "productPricePerUnitWithLoyaltyCard": null,
    "imageUrl": "https://cdn.barbora.lv/products/4eceb363-6bf3-41b5-88f9-9ed5ffc7fdc3_s.png",
    "available": false,
    "discount": null
  },
  {
    "shop": "MAXIMA",
    "categories": [
      2,
      2001,
      20010015
    ],
    "productName": "Rīsu gal.KUPIEC piena šok.90g",
    "productPriceOld": null,
    "productPrice": null,
    "productPricePerUnit": null,
    "productPriceWithLoyaltyCard": null,
    "productPricePerUnitWithLoyaltyCard": null,
    "imageUrl": "https://cdn.barbora.lv/products/584e0eb3-787f-4638-bc4c-4e35a4ef9a42_s.png",
    "available": false,
    "discount": null
  },
  {
    "shop": "MAXIMA",
    "categories": [
      2,
      2001,
      20010015
    ],
    "productName": "Kukurūzas galetes USTUKIU ar banānu glazūru 100g",
    "productPriceOld": null,
    "productPrice": null,
    "productPricePerUnit": null,
    "productPriceWithLoyaltyCard": null,
    "productPricePerUnitWithLoyaltyCard": null,
    "imageUrl": "https://cdn.barbora.lv/products/738a80a9-fce3-4710-a658-c612fb57eeb9_s.png",
    "available": false,
    "discount": null
  },
  {
    "shop": "MAXIMA",
    "categories": [
      2,
      2001,
      20010015
    ],
    "productName": "Sāļie groziņi ar sēkliņām 255g",
    "productPriceOld": null,
    "productPrice": null,
    "productPricePerUnit": null,
    "productPriceWithLoyaltyCard": null,
    "productPricePerUnitWithLoyaltyCard": null,
    "imageUrl": "https://cdn.barbora.lv/products/bd7eca77-7bfc-4532-bfee-1da8dc641e25_s.png",
    "available": false,
    "discount": null
  },
  {
    "shop": "MAXIMA",
    "categories": [
      2,
      2001,
      2001008
    ],
    "productName": "Rīsu galetes graudu KUPIEC bez glutēna 90g",
    "productPriceOld": null,
    "productPrice": null,
    "productPricePerUnit": null,
    "productPriceWithLoyaltyCard": null,
    "productPricePerUnitWithLoyaltyCard": null,
    "imageUrl": "https://cdn.barbora.lv/products/b9ba9c4d-e9b2-4f7e-af4f-c14ecc4400e4_s.png",
    "available": false,
    "discount": null
  }
]